2800 4500
224 242 278 315 28'
425 260 464 273 ”
554 258 913 319 aouonursours
976 265 979 269 ·
1083 265 1088 273 ⁴

225 385 301 451 talia
318 384 476 455 dicentem
493 385 696 452 circumstant
714 383 948 452 omnia-Solem

158 492 207 541 aco
225 471 371 549 numina,
388 494 470 538 neve
487 472 563 538 velit
579 472 728 538 tenebrae
744 472 895 538 inducere
911 471 1017 548 rebus,

226 558 368 644 supplice
385 579 464 623 voce
480 568 605 644 rogant.
648 558 762 623 missos
779 579 907 643 quoque
925 557 1068 644 Iuppiter
1083 556 1176 644 ignes

226 653 357 708 excusat
373 642 584 730 precibusque
600 642 702 708 minas
720 643 870 729 regaliter
885 643 984 708 addit.

226 728 347 814 colligit
364 740 504 794 amentes
522 742 554 795 et
571 728 676 794 adhuc
693 740 812 795 terrore
828 740 981 815 paventes

225 813 379 879 Phoebus
396 835 495 897 equos
513 815 704 898 stimuloque
735 814 845 880 dolens
871 825 904 880 et
920 815 1053 880 verbere
1070 812 1184 880 saevit:

158 918 209 968 400
227 899 327 965 saevit
344 899 428 965 enim
445 911 619 984 natumque
636 900 775 965 obiectat
792 909 824 965 et
840 901 976 986 imputat
991 901 1063 966 illis.

268 986 316 1050 At
332 997 423 1072 pater
440 986 638 1071 omnipotens
655 985 797 1070 ingentia
812 986 939 1052 moenia
956 985 1036 1051 caeli
1105 982 1212 1037 06ῑῶῐο
1223 987 1248 1038 ‘²

227 1071 352 1148 casua,
370 1081 460 1137 ane
477 1069 764 1156 quercetanum
781 1069 1003 1157 assungur
1130 1052 1226 1105 Arm*-

227 1168 363 1234 corruat,
381 1157 535 1243 explorat
570 1177 653 1240 quae
670 1167 840 1242 postquam
856 1156 948 1221 firma
964 1156 1078 1240 suique

138 1302 140 1307 .
226 1242 348 1307 roboris
366 1264 436 1308 esse
454 1241 554 1319 videt,
572 1252 672 1307 terras
688 1241 916 1326 hominumque
931 1242 1056 1308 labores

158 1346 209 1396 405
226 1326 387 1415 perspicit.
430 1326 590 1393 Arcadiae
606 1337 713 1393 tamen
731 1338 779 1393 est
794 1326 966 1414 impensior
981 1327 1028 1392 illi
1120 1375 1129 1389 c

226 1436 304 1479 cura
321 1435 415 1480 suae:
451 1413 620 1497 fontesque
636 1425 669 1478 et
685 1412 827 1478 nondum
845 1412 994 1478 audentia
1008 1411 1075 1478 labi

226 1498 357 1564 flumina
374 1498 524 1577 restituit,
541 1498 597 1564 dat
612 1510 715 1565 terrae
731 1498 891 1584 gramina,
907 1498 1036 1563 frondes

227 1584 407 1662 arboribus,
424 1584 591 1667 laesasque
606 1584 696 1649 iubet
712 1584 903 1651 revirescere
921 1584 1026 1649 silvas.

227 1670 304 1734 dum
320 1669 403 1735 redit
419 1669 507 1753 itque
524 1670 688 1754 frequens,
707 1670 741 1733 in
757 1669 880 1755 virgine
896 1669 1079 1736 Nonacrina

158 1773 209 1823 410
227 1754 344 1833 haesit,
362 1765 395 1821 et
411 1756 533 1841 accepti
550 1756 676 1821 caluere
693 1755 754 1820 sub
772 1755 896 1821 ossibus
913 1755 1014 1841 ignes.

225 1861 291 1906 non
309 1850 377 1905 erat
393 1840 489 1905 huius
506 1861 586 1926 opus
602 1841 709 1905 lanam
726 1841 848 1906 mollire
865 1840 1020 1907 trahendo

226 1947 287 1992 neo
302 1926 408 2012 positu
426 1926 548 2011 variare
566 1947 683 1991 comaa
726 1925 783 1990 ubi
800 1926 899 1992 fibula
914 1937 1047 2004 vestem,

226 2011 306 2077 vitta
324 2023 507 2077 coercuerat
522 2012 684 2098 neglectos
702 2010 776 2077 alba
789 2012 934 2099 capillos,

228 2108 259 2163 et
275 2097 372 2162 modo
387 2098 459 2163 leve
475 2120 573 2162 manu
589 2098 739 2175 iaculum,
756 2098 852 2163 modo
870 2108 1047 2199 sumpserat
1064 2119 1184 2176 arcum,

158 2202 209 2253 415
227 2182 317 2248 miles
334 2193 403 2250 erat
418 2182 581 2250 Phoebes:
598 2203 659 2250 nec
675 2183 849 2250 Maenalon
866 2184 971 2271 attigit
987 2184 1053 2250 nlla

225 2269 346 2356 gratior
362 2269 423 2334 hac
439 2268 577 2335 Triviae.
621 2269 678 2335 sed
694 2269 783 2334 nulla
799 2270 940 2356 potentia
955 2271 1053 2357 longa
1069 2282 1127 2336 cst.

101 2367 104 2373 “
227 2355 358 2420 ulterius
375 2354 480 2420 medio
497 2353 634 2440 spatium
650 2356 697 2420 sol
716 2356 798 2421 altus
815 2354 963 2435 habebat,

227 2462 300 2505 cum
318 2439 403 2506 subit
419 2440 474 2505 illa
491 2462 617 2517 nemus,
635 2440 724 2525 quod
739 2442 827 2507 nulla
843 2442 1000 2508 ceciderat
1016 2451 1115 2507 aetas.

227 2526 315 2590 exuit
332 2525 384 2591 hic
400 2548 510 2591 umero
527 2525 713 2612 pharetram·
725 2526 891 2611 lentosque
906 2526 1041 2593 retendit

159 2629 209 2678 rso
228 2633 320 2676 arcus
336 2611 433 2694 inque
450 2613 529 2689 solo,
546 2611 633 2695 quod
650 2623 773 2678 texerat
788 2612 902 2689 herba,
918 2612 1044 2677 iacebat

227 2706 259 2761 et
275 2696 392 2784 pictam
408 2696 512 2783 posita
527 2696 710 2784 pharetram
727 2698 849 2764 cervice
865 2697 1038 2784 premebat.

226 2782 370 2868 Iuppiter
386 2792 423 2847 ut
439 2781 519 2848 vidit
534 2782 653 2848 fessam
670 2794 703 2849 et
719 2783 852 2849 custode
868 2793 1034 2849 vacantem

227 2866 302 2933 ‘hoc
319 2878 403 2933 certe
417 2867 539 2933 furtum
556 2872 696 2935 coniunx
712 2891 785 2934 mea
801 2868 933 2935 nesciet'
950 2867 1067 2950 inquits

227 2958 296 3017 ‘aut
313 2952 339 3017 si
356 2952 510 3031 rescierit,
526 2964 696 3018 -sunto
714 2965 788 3018 sunt
804 2953 909 3040 iurgia
925 2952 1025 3018 tanti.’

157 3056 207 3105 425
225 3037 369 3122 protinus
386 3037 529 3103 induitur
544 3036 660 3104 faciem
677 3040 861 3123 cultumque
878 3038 1006 3104 Dianae

226 3133 322 3206 atque
341 3122 385 3188 ait
403 3129 436 3187 ‘o
454 3123 606 3188 comitum
623 3123 714 3209 virgo
731 3146 805 3205 pars
821 3146 886 3188 una
902 3146 1056 3202 mearum,

224 3208 258 3272 in
275 3209 393 3292 quibus
410 3231 444 3273 es
462 3219 577 3273 venata
593 3209 706 3294 iugisi'
717 3210 756 3275 de
766 3210 904 3295 caespite
920 3210 1013 3296 virgo

226 3316 260 3358 se
278 3295 362 3359 levat
380 3305 412 3359 et
429 3295 545 3371 ‘salva
563 3316 689 3372 numen,
698 3316 751 3359 me
767 3295 891 3371 iudicc,’
910 3295 1000 3373 dixit,

225 3378 350 3444 ‘audiat
366 3378 434 3464 ipse
450 3379 539 3457 licet,
556 3378 658 3444 maius
675 3379 774 3446 Iove‘
816 3380 898 3446 ridet
914 3392 947 3446 et
963 3381 1063 3460 audit,

156 3482 207 3531 430
225 3475 258 3529 et
274 3464 335 3529 sibi
352 3463 504 3550 praeferri
521 3487 556 3529 se
572 3465 693 3550 perdet
710 3476 743 3531 et
758 3467 867 3531 oscula
883 3466 988 3552 iungit

225 3570 285 3613 nec
301 3549 465 3615 moderata
482 3550 558 3615 satis
575 3572 634 3616 nec
652 3551 698 3616 sic
716 3574 735 3615 a
752 3550 875 3637 virgine
893 3552 1008 3617 danda.

225 3655 290 3717 qua
306 3645 422 3699 venata
439 3634 521 3701 foret
537 3635 632 3714 silva,
650 3658 779 3701 narrare
796 3649 962 3720 parantem

224 3718 355 3804 impedit
373 3722 534 3806 amplexu:
552 3743 612 3787 nec
628 3743 664 3788 se
681 3721 749 3786 sine
767 3721 897 3787 crimine
914 3722 1028 3808 prodit

224 3804 280 3869 illa
296 3804 425 3887 quidem
442 3816 565 3884 contra,
583 3817 737 3891 quantum
754 3807 849 3871 modo
866 3807 985 3873 femina
1001 3805 1101 3893 possit

155 3908 205 3958 rao
224 3888 397 3975 (aspiceres
414 3891 552 3968 utinam,
571 3891 736 3962 Saturnia:
754 3891 860 3957 mitior
877 3893 1002 3978 essesl),

223 3974 279 4039 illa
296 3975 425 4059 quidem
442 3989 574 4062 pugnat
613 3980 670 4043 sed
685 3998 781 4062 quern
793 3999 942 4062 superare
959 3978 1075 4063 puella,

225 4060 336 4147 quisve
355 4060 465 4130 Iovem
481 4064 622 4151 poterat?
639 4086 789 4153 supemm
806 4063 885 4151 petit
902 4063 1031 4133 aethera
1047 4062 1148 4135 victor
