2800 4500
237 297 308 368 240
579 306 935 393 novrunnasonrs

177 472 179 475 v
242 436 276 502 in
293 458 351 502 sua
368 457 559 513 mersurum3
576 434 738 519 mentique
755 433 907 501 haerebat
924 433 1031 522 imago

175 543 224 591 205
242 521 392 608 temporis
409 521 506 597 illius,
525 542 589 605 quo
606 519 672 585 vidi
690 520 765 586 bina
781 542 924 586 meorum

242 619 291 673 ter
307 619 419 692 quater
436 606 536 692 affligi
553 604 713 671 sociorum
729 626 862 691 corpora
879 617 994 672 terraer

241 716 314 759 cum
342 715 438 779 super
453 691 521 777 ipse
538 691 644 757 iacens
661 690 774 756 hirsuti
792 713 879 757 more
895 691 994 758 leonis

241 779 425 861 visceraque
443 789 475 843 et
492 799 602 843 carnes
619 797 756 861 cumque
774 775 853 841 albis
871 798 944 842 ossa
959 775 1107 842 medullis

242 862 504 947 semianimesque
522 874 608 927 artus
625 861 752 927 avidam
770 861 927 927 condebat
943 861 977 926 in
995 862 1113 928 alvum.

174 969 224 1017 210
241 971 292 1014 me
309 959 427 1014 tremor
442 947 572 1012 invasit:
590 946 715 1013 stabam
731 946 800 1012 sine
817 947 973 1033 sanguine
990 959 1141 1025 maestus,

240 1034 504 1117 mandentemque
522 1033 633 1098 videns
651 1032 900 1117 eiectantemque
918 1043 1064 1098 cruentas

241 1141 295 1186 ore
313 1120 411 1205 dapes
429 1129 461 1185 et
478 1119 580 1184 frusta
596 1140 684 1184 mero
700 1118 876 1220 glomerata
892 1129 1084 1195 vomentem,

241 1204 316 1270 talia
328 1204 494 1290 *fingebam
509 1204 625 1270 misero
642 1203 720 1269 mihr
737 1202 805 1269 iata
821 1203 936 1291 papati.

240 1311 360 1376 perque
378 1290 444 1356 dies
462 1291 577 1355 multos
594 1289 721 1355 latitans
739 1310 928 1372 omnemque
945 1300 1135 1354 tremescens

174 1395 223 1444 215
242 1376 284 1440 ad
301 1375 480 1462 strepitum,
498 1387 695 1458 mortemque
712 1374 826 1439 timens
844 1396 883 1440 cu
907 1374 1042 1458 idusqne
1060 1373 1177 1452 moriri,

239 1461 356 1547 glande
373 1461 491 1527 famem
508 1460 629 1545 pellens
646 1471 679 1526 et
695 1459 796 1525 mixta
812 1397 979 1524 frondibus
995 1459 1105 1537 herba,

241 1548 341 1623 solus,
359 1546 465 1631 inops,
484 1568 612 1630 exspes,
629 1544 692 1611 leto
709 1566 895 1631 poenaeque
911 1545 1051 1622 relictus,

240 1630 322 1696 hanc
339 1632 450 1716 procul
467 1629 578 1716 aspexi
593 1631 690 1716 longo
750 1641 779 1696 st
796 1641 937 1716 tempore
954 1653 1080 1707 navem,

241 1716 390 1800 oravique
408 1716 519 1802 fugam
536 1726 630 1801 gestu
647 1715 689 1780 ad
718 1716 844 1800 itusque
862 1716 986 1781 cucurri

174 1822 223 1872 220
241 1813 272 1867 et
289 1802 389 1866 movi:
408 1800 606 1884 Graiumque
623 1801 699 1866 ratis
718 1800 858 1866 Troiana
875 1801 1003 1886 recepit.

241 1898 276 1952 tu
293 1909 420 1971 quoque
436 1886 542 1972 pande
558 1899 644 1965 tuos,
663 1886 815 1952 comitum
831 1887 1026 1972 gratissime,
1044 1908 1147 1963 casus,

240 1983 272 2039 et
290 1972 379 2038 ducis
397 1984 429 2038 et
446 1972 573 2048 turbae,
591 1993 673 2055 quae
690 1982 797 2038 tecum
813 1983 862 2038 est
880 1971 1000 2038 credita
1016 1972 1134 2057 ponto?

283 2059 410 2124 Aeolon
426 2056 479 2123 ille
496 2057 594 2123 refert
610 2057 718 2123 Tusco
735 2079 870 2143 regnare
887 2057 1056 2143 profundo,
1137 2071 1264 2141 (Aeolia.)

240 2144 366 2209 Aeolon
383 2143 605 2229 Hippotaden,
623 2141 823 2209 cohibentem
840 2164 965 2208 carcere
982 2154 1108 2208 ventos:

173 2251 222 2300 225
240 2252 320 2313 quos
338 2227 428 2312 bovis
444 2229 583 2295 inclusos
600 2239 701 2315 tergo,
719 2229 923 2296 memorabile
940 2252 1066 2307 munus,

191 2321 193 2324 ’
239 2314 426 2381 Dulichium
443 2314 615 2401 sumpsisse
632 2316 761 2381 ducemr
778 2316 919 2399 flatuque
936 2315 1074 2380 secundo

239 2401 364 2467 lucibus
381 2402 444 2466 isse
460 2423 575 2465 novem
594 2410 625 2466 et
642 2413 758 2466 terram
775 2400 936 2486 aspexisse
952 2400 1098 2485 petitam:

239 2486 383 2587 proxima
400 2497 471 2571 post
488 2508 605 2550 nonam
623 2507 696 2550 curn
714 2508 783 2551 sese
800 2488 929 2551 Aurora
944 2497 1096 2563 moveret,

162 2615 165 2620 >
239 2572 358 2637 rnvidia
375 2571 476 2636 socios
492 2571 692 2656 praedaeque
711 2569 858 2657 cupidine
875 2570 984 2648 victos,

172 2676 223 2727 220
240 2680 309 2723 esse
326 2668 411 2721 ratos
429 2678 556 2732 aurum,
574 2654 748 2741 dempsisse
764 2656 917 2742 ligamina
933 2656 1051 2721 ventis:

239 2764 312 2807 cum
330 2742 445 2826 quibus
462 2742 524 2806 isse
542 2752 636 2818 retro,
652 2763 711 2827 per
728 2763 808 2826 quas
825 2741 919 2806 modo
936 2752 1067 2807 venerat
1083 2741 1196 2817 undas,

238 2827 408 2910 Aeoliique
425 2837 526 2903 ratem
543 2837 652 2912 portus
670 2827 822 2912 repetisse
840 2827 975 2911 tyranni.

239 2912 327 2979 ‘inde
345 2912 439 2977 Lami
457 2923 596 2978 veterem
614 2911 857 2998 Laestrygonis’
875 2913 979 2996 inquit
994 2913 1041 2977 ‘in
1058 2911 1171 2978 urbem

238 2997 393 3064 venimus.
436 2996 627 3084 Antiphates
645 3009 730 3064 terra
746 2997 902 3083 regnabat
918 2998 950 3062 in
967 2996 1031 3062 illa.

172 3102 220 3151 235
240 3084 353 3149 missus
371 3083 515 3148 adhunc
533 3104 593 3168 ego
611 3106 692 3160 sum,
710 3105 842 3148 numero
860 3083 1028 3148 comitante
1046 3083 1192 3161 duorum,

238 3169 356 3253 vixque
373 3168 453 3255 fuga
469 3168 613 3252 quaesita
630 3170 715 3234 salus
734 3167 903 3252 comitique
921 3167 1076 3252 mihique:

238 3254 347 3320 tertius
365 3252 492 3320 euobis
510 3252 738 3339 Laestrygonis
755 3253 853 3338 impia
870 3253 963 3318 tinxit

237 3362 293 3405 ora
310 3361 421 3405 cruore
437 3361 505 3403 suo.
548 3339 745 3423 fugientibus
761 3339 858 3402 instat
874 3349 905 3403 et
923 3361 1039 3424 agmen

237 3426 374 3491 concitat
391 3424 593 3511 Antiphates.
638 3433 751 3489 coeunt
769 3433 801 3488 et
818 3446 896 3488 saxa
912 3423 1082 3507 trabesque

170 3530 219 3578 240
238 3510 409 3587 coniciunt,
426 3521 638 3596 merguntque
655 3508 739 3575 viros
755 3519 965 3594 merguntque
983 3511 1116 3576 carinas.

237 3620 302 3661 una
317 3606 438 3673 tamen,
455 3616 538 3678 quae
554 3616 613 3660 nos
631 3594 798 3680 ipsumque
815 3593 952 3660 vehebat
968 3594 1098 3673 Ulixen,
1139 3594 1227 3676 (ctare
1237 3603 1263 3649 εἰ

237 3681 360 3767 effugit.
403 3682 519 3746 amissa
536 3680 693 3745 sociorum
710 3692 800 3766 parte
818 3679 960 3745 dolentes
1150 3664 1262 3732 mm)

237 3767 399 3851 multaque
417 3764 582 3851 conquesti
599 3766 690 3831 terris
708 3764 877 3830 allabimur
893 3764 965 3843 illis,

235 3873 315 3934 quas
324 3851 435 3937 procul
444 3850 518 3916 hinc
527 3850 639 3917 cernis.
657 3850 768 3936 procul
777 3849 861 3929 hinc,
869 3850 947 3915 mihi
957 3850 1204 3930 crede,videnda
1212 3865 1264 3921 est

170 3957 218 4007 245
237 3937 354 4012 insula,
372 3935 441 4001 visa
457 3936 549 4001 mihil
589 3946 702 4019 tuque,
720 3957 740 4000 o
756 3935 927 4001 iustissime
944 3935 1076 4016 Troum,

237 4030 310 4084 nate
328 4020 388 4084 dea
404 4017 523 4104 (neque
541 4021 626 4086 enim
643 4020 732 4085 finito
765 4021 872 4087 Marte
889 4021 1051 4088 vocandus

236 4102 335 4168 hostis
354 4126 402 4181 es,
420 4106 562 4192 Aenea),
580 4128 705 4184 moneo,
722 4105 799 4194 fuge
816 4107 909 4173 litora
926 4104 1046 4184 Circes.
