2800 4500
307 299 676 362 METAMORPHOSEON
692 302 766 360 LIB.
785 302 835 363 IV.
854 303 998 363 tat-m.
1078 320 1086 339 ·
1124 289 1163 358 ll

141 429 339 516 Aethiopum
357 430 492 516 populos
511 426 705 515 Cepheaque
723 430 875 516 conspicit
891 455 977 497 arva.

142 517 206 582 illic
223 516 413 581 immeritam
429 526 591 581 maternae
608 515 747 601 pendere
764 515 893 602 linguae

142 602 373 668 Andromedan
423 623 519 666 oenas
535 601 671 667 iniustus
688 601 822 667 iusserat
840 604 1011 666 Hammon.

142 711 240 773 quam
256 687 352 752 simul
368 710 387 751 a
427 688 522 751 duras
539 686 705 771 religatam
724 686 870 751 bracchia
887 698 996 751 cautes

143 774 223 839 vidit
239 772 438 837 Abantiades
460 770 533 850 (nisi
550 773 637 856 quod
653 772 732 838 levis
750 794 827 837 aura
844 773 973 857 capillos

143 870 286 925 moverat
316 872 346 922 et
366 857 474 943 tepido
491 857 663 923 manabant
678 858 800 922 lumina
815 858 901 934 fletu,

143 966 356 1009 marmoreum
372 954 460 1008 ratus
478 955 561 1007 esset
578 947 682 1028 opus),
713 943 808 1007 trahit
824 943 942 1008 inscius
958 941 1050 1027 ignes

144 1043 176 1095 et
193 1041 299 1115 stupet
316 1040 348 1094 et
364 1028 451 1093 visae
469 1039 632 1114 correptus
649 1028 789 1113 imagine
805 1028 927 1094 formae

66 1174 68 1176 ,
143 1137 244 1203 paene
262 1137 335 1179 suas
353 1125 483 1197 quatere
501 1124 549 1179 est
566 1112 682 1178 oblitus
700 1114 732 1177 in
750 1119 822 1180 abre
838 1136 970 1199 pennas.

143 1211 181 1266 ut
197 1200 294 1276 stetit,
312 1199 361 1264 ‘o’
379 1199 460 1263 dixit
476 1204 554 1263 ‘non
571 1198 640 1263 istis
657 1199 755 1285 digna
772 1199 901 1276 catenis,

143 1287 201 1352 sed
219 1285 334 1370 quibus
351 1284 434 1349 inter
450 1306 484 1349 sc
502 1284 610 1370 cupidi
626 1283 801 1370 iunguntur
817 1295 969 1364 amantes,

143 1371 249 1458 pande
265 1369 437 1453 requirenti
453 1391 569 1435 nomen
586 1380 752 1452 terraeque
769 1380 932 1455 tuumque,

145 1467 177 1523 et
194 1478 251 1522 cnr
267 1455 371 1521 vincla
387 1454 500 1540 geras?
543 1454 645 1541 primo
662 1455 734 1520 silet
750 1455 804 1519 illa
820 1478 880 1521 nec
896 1456 993 1522 audet

144 1542 303 1629 appellare
321 1540 423 1605 virum
441 1540 546 1625 virg03
565 1540 775 1625 manibusque
792 1541 951 1607 modestos

145 1629 277 1694 celasset
294 1626 415 1702 vultus,
433 1625 461 1690 si
476 1647 540 1689 non
558 1626 691 1710 religata
707 1625 828 1692 fnisset.

143 1713 277 1789 lumina,
295 1711 382 1796 quod
398 1712 515 1796 potuit,
532 1711 669 1779 lacrimis
685 1711 830 1797 implevit
845 1713 973 1778 obortis.

145 1799 270 1884 saepius
287 1797 431 1874 instanti,
449 1819 508 1862 sua
524 1816 565 1861 ne
582 1796 697 1862 delicta
712 1797 806 1862 fateri

143 1886 227 1951 nolle
243 1883 414 1959 videretur,
431 1903 548 1947 nomen
565 1892 729 1966 terraeque
746 1902 914 1965 suumque,

143 1981 325 2054 quantaque
341 1978 503 2032 maternae
519 1966 616 2032 fuerit
632 1967 749 2033 fiducia
765 1966 896 2044 formae,

143 2055 271 2120 indicat.
314 2065 347 2118 et
363 2053 504 2118 nondum
521 2052 703 2118 memoratis
720 2052 867 2118 omnibus
883 2052 970 2117 unda

144 2139 299 2217 insonuit,
316 2138 510 2223 veniensque
527 2138 682 2203 immenso
699 2137 795 2203 belua
811 2149 908 2223 ponto

144 2225 286 2291 imminet
302 2235 335 2290 et
349 2224 449 2290 latum
467 2224 528 2289 sub
545 2235 673 2309 pectore
688 2224 830 2311 possidet
846 2245 975 2308 aequor.

145 2312 319 2377 conclamat
339 2311 441 2396 virgo.
483 2310 608 2395 genitor
623 2310 769 2396 lugubris
787 2320 818 2375 et
835 2332 899 2375 nna

144 2408 245 2463 mater
262 2398 365 2472 adest,
383 2396 478 2460 ambo
496 2395 615 2471 miseri,
634 2396 692 2461 sed
707 2395 822 2462 iustius
839 2396 903 2461 illa.

142 2506 203 2548 nec
220 2505 329 2548 secum
345 2481 512 2556 auxilium,
530 2481 586 2546 sed
604 2481 718 2567 dignos
735 2493 877 2567 tempore
893 2482 986 2547 fletus

142 2571 392 2657 plangoremque
408 2566 516 2631 ferunt
531 2566 700 2650 vinctoque
717 2567 750 2632 in
768 2588 898 2653 corpore
915 2567 1096 2647 adhaerent,

143 2677 217 2720 cum
234 2654 280 2720 sic
296 2653 412 2737 hospes
429 2652 487 2717 ait:
505 2652 720 2717 ‘lacrimarum
737 2654 833 2753 longa
849 2675 977 2717 manere
1095 2653 1099 2666 ’

143 2752 286 2827 tempora
302 2760 360 2803 vos
376 2748 539 2823 poterunt;
556 2737 597 2801 ad
610 2759 705 2823 opem
717 2739 823 2804 brevrs
840 2738 918 2803 hora
930 2739 1093 2805 ferendam
1106 2749 1163 2806 est.
1182 2760 1231 2811 695

143 2826 226 2890 hanc
243 2845 304 2910 ego
322 2822 349 2887 si
365 2834 506 2908 peterem
523 2822 661 2888 Perseus
678 2823 756 2888 Iove
772 2833 865 2888 natus
884 2836 916 2888 et
932 2824 996 2901 illa,

144 2931 241 2993 quam
258 2910 397 2973 clausam
414 2907 559 2994 implevit
574 2908 712 2973 fecundo
728 2908 873 2994 Iuppiter
889 2930 977 2985 auro,

145 2994 307 3080 Gorgonis
325 2994 532 3080 anguicomae
548 2992 687 3058 Perseus
705 3004 879 3079 superator,
897 3008 928 3059 et
945 2995 1003 3058 alis

145 3080 300 3146 aetherias
318 3102 414 3144 ausus
429 3078 553 3144 iactatis
570 3077 616 3143 ire
629 3101 691 3164 per
707 3101 811 3155 auras,

143 3165 320 3252 praeferrer
337 3164 457 3230 cunctis
475 3175 559 3230 certe
576 3163 688 3249 generl
732 3164 848 3230 addere
865 3165 960 3229 tantis
1182 3190 1232 3238 too

145 3252 271 3316 dotibus
289 3250 497 3326 emeritum,
515 3249 644 3315 faveant
659 3250 755 3316 modo
772 3250 913 3325 numina,
930 3261 1060 3337 tempto.

144 3348 181 3401 ut
198 3358 270 3401 mea
287 3335 341 3411 sit,
359 3347 484 3400 servata
499 3357 572 3400 mea
589 3334 720 3411 virtute,
736 3335 900 3421 paciscor!

145 3421 305 3507 accipiunt
321 3420 425 3505 legem
442 3418 528 3503 (quis
546 3419 630 3485 enim
647 3420 839 3505 dubitaretl)
856 3433 888 3486 et
904 3434 996 3487 orant

143 3505 393 3592 promittuntque
411 3527 506 3590 super
521 3528 657 3591 regnum
675 3505 779 3572 dotale
796 3516 953 3592 parentes.

58 3595 62 3606 '
145 3613 219 3658 ecce
236 3592 324 3656 velut
341 3590 430 3654 navis
446 3590 588 3675 praefixo
606 3591 728 3656 concita
744 3604 845 3656 rostro
1181 3613 1231 3666 tot

145 3678 246 3742 sulcat
262 3697 376 3759 aquas,
392 3674 543 3740 iuvenum
560 3676 748 3741 sudantibus
765 3688 836 3741 acta
851 3675 987 3755 lacertis,

144 3761 191 3827 sio
207 3761 276 3827 fera
293 3760 419 3826 dimotis
436 3760 575 3850 impulsu
591 3761 728 3846 pectoris
744 3762 838 3827 undis

144 3858 268 3912 tantum
285 3845 395 3911 aberat
411 3867 465 3911 sco
489 3845 564 3923 ulis,
581 3857 735 3930 quantum
751 3846 918 3912 Balearica
933 3858 1014 3913 torto

143 3932 245 3997 funda
260 3942 364 4016 potest
379 3868 511 4018 plumbo
529 3932 625 3997 medii
642 3933 852 3998 transmittere
870 3933 962 3999 caeli:

144 4040 218 4084 cum
235 4016 340 4082 subito
356 4016 480 4082 invenis
498 4017 632 4117 pedibus
649 4018 761 4084 tellure
778 4017 905 4104 repulsa

142 4103 261 4170 arduus
278 4102 312 4168 in
328 4102 430 4177 nubes
447 4102 535 4168 abirt.
578 4113 614 4169 nt
629 4102 663 4168 in
680 4125 817 4191 aequore
835 4125 959 4186 summo
