2800 4500
305 266 673 329 METAMORPHOSEON
688 267 763 326 LIB.
781 266 862 325 xm.
880 267 1025 324 295-382
1115 251 1177 319 221

154 391 246 462 fortis
263 390 320 460 ubi
337 404 386 459 est
401 391 507 459 Aiax?
524 391 580 459 ubi
597 402 671 460 sunt
687 390 829 480 iugentia
845 391 955 478 magni

155 479 254 547 verba
270 477 350 545 viri?
367 500 424 544 cur
439 478 492 545 hic
509 479 644 545 metuis?
660 500 718 544 cur
735 476 832 543 audet
847 474 962 543 Ulixes
1197 494 1248 544 340

154 566 201 631 ire
217 586 276 651 par
292 564 442 630 excubias
460 575 492 630 et
509 587 544 630 se
561 564 757 630 committere
774 562 869 640 nocti,

155 671 276 737 perque
292 649 378 715 feros
394 672 486 715 enses
503 671 568 715 nou
584 660 708 715 tantum
726 648 851 714 moenia
868 647 1000 725 Troum,

35 762 38 768 ·
155 734 378 801 verumetiam
397 757 536 800 summas
554 756 642 801 arces
659 735 778 800 intrare
795 754 917 818 suaque

154 821 276 908 eripere
293 819 372 886 aede
389 820 483 885 deam
499 832 686 907 raptamque
704 820 829 885 adferre
845 841 903 904 per
920 817 1047 883 hostes?

154 928 238 992 quae
255 905 316 970 nisi
333 905 495 983 fecissem,
512 905 631 971 frustra
647 906 823 971 Telamone
840 914 965 969 creatus

154 1001 309 1077 gestasset
325 990 417 1056 laeva
433 1002 595 1056 taurorum
613 1002 740 1091 tergora
757 999 889 1076 septem.

153 1077 209 1143 illa
225 1087 318 1142 nocte
335 1075 413 1142 mihi
429 1074 546 1142 Troiae
563 1076 694 1142 victoria
710 1087 803 1162 parta
819 1086 877 1140 est.

153 1161 315 1247 Pergama
331 1161 502 1239 turonici,
520 1182 594 1227 cum
611 1161 695 1227 vinci
712 1183 806 1249 posse
823 1181 879 1226 coe
903 1159 924 1226 ‘.

154 1248 263 1313 desine
280 1245 429 1333 Tydiden
445 1247 599 1331 vultuque
616 1258 648 1313 et
665 1268 827 1312 murmure
843 1268 885 1311 uo
908 1245 936 1310 is

154 1343 313 1399 ostentare
329 1354 447 1398 meum.
481 1354 555 1420 pars
572 1342 621 1398 est
638 1354 697 1398 sua
713 1331 816 1398 laudis
833 1331 866 1396 in
883 1330 948 1395 illo.

154 1439 214 1483 nec
230 1428 281 1494 tu,
298 1437 372 1482 cum
389 1417 476 1482 socia
493 1417 631 1503 clipeum
648 1438 707 1504 pro
724 1418 825 1482 classe
841 1415 983 1491 tenebas,

155 1503 241 1570 solus
258 1525 342 1568 eras:
360 1501 419 1568 tibi
436 1503 531 1568 turba
548 1524 668 1581 comes,
685 1502 765 1567 mihi
782 1501 915 1588 contigit
931 1523 1024 1566 uuus.
1046 1538 1088 1550 —

154 1588 210 1673 qui
225 1588 287 1652 nisi
304 1610 484 1674 pugnacem
502 1588 596 1654 sciret
612 1588 756 1675 sapiente
772 1586 927 1652 minorem

155 1696 239 1752 esse,
257 1695 316 1739 nec
332 1673 506 1740 indomitae
522 1673 633 1740 deberi
648 1673 790 1760 praemia
807 1673 949 1750 dextrae,

153 1759 165 1824 i
189 1781 223 1824 se
241 1779 369 1843 quoque
386 1758 465 1825 haec
481 1756 617 1845 peteret3
635 1769 757 1845 peteret
773 1759 964 1824 moderatior
980 1757 1067 1822 Aiax

185 1844 403 1931 urypylusque
419 1843 511 1911 ferox
528 1844 677 1928 claroque
693 1844 921 1910 Andraemone
937 1854 1042 1921 natus,

153 1951 214 1999 nec
230 1930 335 2003 miuus
351 1929 543 1997 Idomeneus
560 1928 727 2017 patriaque
744 1940 868 1996 creatus
885 1928 998 1995 eadem

153 2015 331 2094 Meriones,
348 2025 470 2102 peteret
485 2014 614 2094 maioris
631 2014 730 2081 freter
746 2014 891 2080 Atridae.

154 2100 273 2202 quippe
288 2123 386 2165 manu
404 2100 501 2168 fortes
518 2098 593 2185 (nec
610 2111 683 2166 sunt
700 2100 759 2165 tibi
775 2100 882 2166 Marte
899 2099 1046 2185 secundi)

154 2186 293 2252 consiliis
310 2207 432 2253 cessere
449 2186 538 2254 meis.
581 2186 641 2254 tibi
657 2184 789 2253 dextera
805 2186 889 2252 bello

154 2271 254 2337 utilis:
271 2271 435 2358 ingenium
452 2283 515 2351 est,
531 2273 618 2359 quod
635 2282 710 2374 eget
725 2271 940 2339 moderamine
956 2281 1074 2337 nostro.

153 2370 190 2422 tu
206 2357 290 2423 vires
306 2357 376 2424 sine
391 2369 498 2425 mente
515 2358 614 2446 geris:
630 2357 711 2423 mrhi
728 2379 805 2424 cura
820 2358 929 2423 futuri.

154 2454 190 2509 tu
206 2466 350 2530 pugnare
366 2454 470 2530 potest
487 2444 652 2531 pugnandi
669 2455 814 2530 tempora
830 2465 957 2509 mecum

108 2580 110 2583 Α
154 2529 243 2616 eligit
258 2528 399 2598 Atrides.
417 2574 419 2579 s
443 2540 479 2595 tu
495 2541 619 2595 tantum
636 2550 767 2616 corpore
783 2528 913 2615 prodest
955 2570 957 2573 -

153 2636 212 2680 nos
229 2614 344 2680 animo.
386 2625 583 2700 quantoque,
600 2625 702 2681 ratem
719 2615 775 2698 qui
790 2625 955 2700 temperat,
973 2615 1072 2681 anteit

153 2700 282 2787 remigis
300 2698 455 2777 officium,
473 2712 592 2785 quanto
610 2701 676 2765 dux
693 2701 792 2767 milite
809 2700 924 2766 maior:

153 2797 277 2852 tautum
294 2807 355 2871 ego
372 2796 405 2851 te
422 2807 547 2872 supero.
590 2807 732 2851 necnon
748 2785 782 2850 in
799 2807 930 2871 corpore
946 2797 1054 2852 nostro

73 2872 74 2875 ’
153 2882 283 2957 pectora
293 2881 373 2948 ‚suut
390 2871 514 2957 potiora
530 2894 641 2935 manu:
659 2871 752 2957 vigor
768 2871 871 2935 omnis
888 2871 922 2936 in
938 2871 1009 2937 illis.
1027 2906 1071 2920 -

155 2968 189 3020 at
205 2977 276 3033 vos,
294 2977 314 3020 o
331 2953 492 3042 proceres,
509 2955 599 3041 viffl’li
617 2956 690 3021 date
707 2956 848 3042 praemia
865 2967 984 3035 vestro3

153 3061 274 3189 proque
292 3051 339 3105 tot
355 3063 510 3107 annorum
528 3064 618 3118 cura,
636 3041 753 3126 quibus
770 3041 884 3106 anxius
901 3042 963 3127 egi,

176 3146 239 3190 unc
255 3125 383 3191 titulum
399 3128 518 3194 meritis
535 3127 734 3213 pensandum
750 3126 872 3193 reddite
889 3128 1014 3197 nostris.

153 3210 218 3277 iam
234 3210 325 3276 labor
340 3211 375 3277 iu
390 3208 454 3278 fine
472 3224 529 3278 est.
573 3213 732 3278 obstantia
748 3212 815 3278 fata
830 3212 963 3291 removi,

153 3298 296 3381 altaque,
313 3317 406 3382 posse
423 3297 495 3384 oapi
511 3298 668 3377 faciendo,
685 3297 845 3385 Pergama
862 3298 942 3384 cepi.

153 3405 211 3468 per
228 3404 300 3470 spes
317 3404 403 3448 nunc
420 3383 522 3448 socias
539 3404 715 3469 casuraque
731 3384 857 3450 moenia
873 3383 1005 3461 Troum,

152 3489 273 3554 perque
291 3467 367 3533 deos
385 3489 451 3546 oro,
468 3490 548 3553 quos
566 3468 649 3535 hosti
664 3491 767 3555 nuper
784 3469 899 3547 ademi,

152 3574 211 3637 per
227 3552 255 3617 si
272 3552 349 3637 quid
365 3564 524 3639 superest,
540 3554 627 3637 quod
644 3554 685 3619 sit
701 3554 861 3640 sapienter
877 3555 1047 3640 agendum,

153 3638 180 3702 si
197 3638 275 3722 quid
292 3638 398 3704 adhuc
414 3638 520 3703 audax
536 3662 577 3704 ex
593 3639 821 3725 praecipitique
837 3640 1010 3725 petendum
1027 3650 1089 3706 estz

155 3720 196 3809 [si
213 3722 329 3790 Troiae
345 3722 421 3788 fatis
438 3723 557 3807 aliquid
573 3737 692 3791 restare
709 3722 841 3810 putatis]
894 3741 900 3750 “

152 3818 219 3874 este
235 3810 299 3875 mei
315 3808 484 3875 memores!
503 3820 559 3874 aut
575 3811 602 3876 si
618 3809 696 3876 mihi
713 3830 777 3875 nou
794 3808 876 3875 datis
893 3833 991 3889 arma,

151 3891 227 3959 huic
244 3894 346 3960 datet’
363 3931 407 3942 —
424 3904 455 3961 et
473 3894 610 3961 ostendit
626 3896 754 3982 signum
769 3894 866 3961 fatale
882 3894 1059 3962 Minervae.
1191 3915 1242 3966 880

194 3979 288 4045 Mota
303 4003 418 4064 manus
434 4000 601 4066 procerum
619 3992 666 4047 est
671 4006 681 4060 3
699 3991 732 4047 et
748 3980 826 4064 quid
842 3978 993 4046 facundia
1008 3991 1126 4067 posset,
1242 4055 1244 4058 ,
1261 4043 1265 4051 ,

150 4065 318 4151 repatuit:
336 4064 490 4156 fortisque
506 4063 572 4145 viri
583 4066 656 4146 tulit
672 4089 762 4134 arma
778 4066 923 4146 disemus.
956 4143 959 4148 Δ
983 4143 987 4149 s
1007 4145 1011 4148 v
1051 4144 1056 4148 ,
1097 4143 1102 4149 ,
1135 4146 1138 4149 Α
1168 4140 1174 4149 ‚
