2800 4500
254 257 319 327 150
586 270 621 328 P.
639 270 765 333 OVIDII
781 269 946 332 NASONIS

253 405 394 463 vestmm
411 416 491 482 opus
508 394 578 461 Elis
595 396 706 473 habet,
722 407 864 463 vestrum
882 393 1120 545 Stymphalides
1136 392 1241 463 undae
1274 481 1277 484 g

192 548 194 555 ,
253 481 525 566 Partheniumque
540 483 673 548 nemus?
690 497 796 549 vestra
813 484 928 547 virtute
945 491 1062 548 reatus

253 568 540 634 Thermodontiaco
557 569 696 634 caelatus
715 567 838 645 balteus
855 589 944 644 auro,

187 673 236 722 190
253 674 411 739 pomaque
428 653 470 719 ab
487 653 623 718 insomni
640 653 858 719 concustodita
875 652 1030 719 dracone?

252 760 313 805 nec
329 737 406 803 mihi
425 737 578 805 Centauri
595 750 727 826 potuere
744 738 902 816 resistere,
920 760 979 804 nec
996 737 1040 803 mi

252 824 411 890 Arcadiae
428 835 569 890 vastator
585 824 680 911 aper?
695 846 757 890 uec
772 823 892 910 profuit
907 823 1028 909 hydrae

254 931 395 976 creseere
411 932 469 996 per
485 910 638 976 damnum
654 908 862 995 geminasque
878 931 1038 975 resumere
1055 909 1162 975 vires?

189 1052 193 1072 ,,
253 995 345 1078 quid,
357 996 444 1079 quod
454 994 588 1060 Thracis
604 1017 705 1079 equos
722 995 861 1060 humano
879 995 1033 1082 sanguine
1050 995 1185 1082 pingues

187 1097 235 1147 195
253 1081 410 1166 plenaque
427 1078 613 1167 corporibus
629 1079 741 1146 laceris
757 1080 943 1182 praesaepia
958 1080 1025 1145 vidi

253 1166 384 1250 visaque
402 1165 501 1231 deieci
518 1166 745 1250 dominumque
761 1188 911 1253 rpsosque
929 1165 1067 1252 peremi?

197 1308 199 1312 .
254 1250 303 1316 his
321 1250 398 1316 elisa
413 1250 496 1316 iacet
512 1252 611 1318 moles
628 1252 790 1318 Nemeaea
805 1252 943 1318 lacertis:

252 1334 313 1401 hac
330 1337 453 1402 caelum
470 1336 593 1403 cervice
609 1337 677 1403 tuli.
721 1336 847 1403 defessa
862 1337 1002 1403 iubendo
1019 1348 1068 1403 est

190 1485 192 1493 ,
254 1444 349 1487 saeva
364 1422 451 1487 Iovis
469 1422 620 1488 coniunx:
638 1444 700 1508 ego
718 1444 790 1488 sum
806 1423 984 1489 indefessus
1001 1422 1137 1509 agendo.

186 1523 237 1573 200
254 1506 311 1573 sed
327 1529 411 1572 nova
427 1507 525 1593 pestis
542 1507 646 1585 adest,
664 1507 718 1572 cui
733 1530 794 1574 nec
811 1508 927 1574 virtute
943 1509 1047 1575 resisti

253 1614 313 1659 nec
330 1592 400 1659 telis
417 1592 575 1677 armisque
592 1602 706 1680 potest
749 1593 953 1679 pulmonibus
971 1606 1055 1665 errat

253 1677 336 1763 ignis
354 1677 434 1743 edax
452 1678 523 1757 imis
539 1701 581 1765 pe
618 1701 660 1744 ue
677 1699 788 1745 omnes
804 1678 945 1765 pascitur
960 1691 1062 1745 artus:

221 1784 223 1791 ·
253 1775 287 1828 at
303 1764 388 1829 valet
404 1763 604 1849 Eurystheus
645 1775 678 1831 et
694 1775 784 1843 sunt,
801 1764 857 1850 qni
874 1762 1002 1831 credere
1018 1763 1140 1852 possint

189 1914 193 1927 k
254 1871 323 1914 esse
341 1849 450 1914 deos?'
477 1849 569 1928 dixit,
587 1871 707 1936 perque
725 1850 825 1916 altam
841 1849 968 1917 saucius
986 1848 1093 1917 Oeten

186 1952 235 2003 205
253 1934 339 2000 hand
356 1935 446 2000 aliter
462 1935 615 2020 graditur,
632 1956 730 2019 qnam
747 1935 774 2001 si
791 1935 949 2002 venabula
965 1947 1075 2001 taurus

254 2041 384 2106 corpore
402 2020 466 2084 fixa
481 2031 583 2106 gerat,
602 2020 741 2105 factique
758 2021 912 2108 refugerit
928 2032 1048 2087 auctor.

253 2127 348 2193 saepe
364 2106 454 2171 illum
470 2106 609 2192 gemitus
626 2107 787 2183 edentem,
805 2129 900 2191 saepe
916 2107 1114 2186 frementem,

254 2213 349 2279 saepe
365 2202 608 2279 retemptantem
625 2204 708 2258 totas
728 2192 908 2260 rescindere
916 2203 1020 2260 vestes

254 2288 508 2362 sternentemque
525 2278 631 2343 trabes
648 2278 900 2363 irascentemque
917 2278 1040 2345 videres

185 2380 236 2432 210
253 2363 413 2428 montibus
432 2374 488 2428 aut
504 2363 605 2449 patrio
623 2362 805 2429 tendentem
822 2363 970 2430 bracchia
987 2365 1085 2447 caelo.

254 2470 327 2514 ecce
344 2447 470 2514 Lichan
487 2457 534 2514 tre
557 2448 659 2525 idum,
675 2449 850 2514 latitantem
867 2471 947 2534 rupe
965 2461 1077 2514 cavata
1151 2464 1280 2534 (Licca.)

252 2532 375 2621 aspicit
417 2543 516 2617 utque
533 2470 623 2598 dolor
639 2533 762 2599 rabiem
779 2535 950 2601 consecrat
966 2557 1102 2611 omnem,
1139 2611 1141 2614 ¹

253 2625 359 2697 ‘aaa
376 2617 500 2696 utana:
518 2618 599 2684 curt
616 2618 742 2684 ‘ferma
759 2619 843 2684 rona
858 2590 994 2685 ieram

252 2715 328 2770 tune
345 2726 435 2771 meae
451 2704 538 2770 necis
556 2714 666 2772 auctor
682 2704 776 2771 erist'
802 2705 907 2770 tremit
923 2704 976 2770 ille
992 2716 1151 2792 pavetque

185 2808 234 2859 215
251 2789 389 2875 pallidus
406 2800 438 2857 et
454 2789 564 2855 timide
581 2789 679 2855 verba
696 2790 881 2856 excusantia
897 2790 982 2856 dicit.

252 2875 409 2942 dicentem
449 2875 625 2960 enibusque
642 2898 756 2941 manus
773 2875 924 2943 adhibere
940 2887 1104 2962 parantem
1134 2938 1138 2945 .

252 2960 381 3047 corripit
396 2898 542 3039 Alcides,
560 2973 592 3027 et
609 2971 719 3044 terque
736 2973 912 3046 quaterque
928 2971 1066 3027 rotatum

251 3046 347 3112 mittit
362 3046 396 3110 in
413 3045 574 3114 Euboicas
591 3057 748 3112 tormento
764 3046 877 3113 fortius
894 3049 1007 3113 undas.

250 3132 304 3198 ille
320 3154 379 3217 per
395 3131 496 3197 adrias
513 3133 655 3218 pendens
672 3131 814 3197 induruit
830 3155 935 3197 auras.

184 3235 235 3286 220
251 3228 350 3300 utque
366 3217 474 3282 ferunt
490 3217 607 3283 imbres
624 3217 738 3303 gelidis
756 3238 958 3283 concrescere
974 3217 1087 3297 ventis,

250 3301 325 3367 inde
342 3302 431 3380 nives
448 3302 531 3381 fieri,
548 3302 676 3367 nivibus
692 3322 821 3386 quoque
831 3302 927 3367 molle
937 3304 1047 3368 rotatis

251 3386 384 3473 astringi
401 3399 432 3453 et
451 3386 553 3473 spissa
568 3386 738 3473 glomerari
755 3387 910 3472 grandine
928 3411 1057 3474 corpuse

251 3467 298 3536 sic
313 3470 404 3537 illum
422 3473 534 3537 validis
545 3474 664 3539 iactum
675 3494 734 3559 per
750 3472 844 3539 inane
860 3473 985 3539 lacertis
1005 3524 1007 3526 .

251 3579 493 3643 exanguemquc
511 3568 598 3623 metu
616 3579 675 3622 nec
693 3556 866 3641 quicquam
883 3558 1002 3624 umoris
1019 3558 1189 3625 habentem

184 3661 233 3712 22⁵
251 3641 284 3716 in
301 3639 420 3727 'rigidos
438 3665 565 3708 versum
582 3642 685 3707 silices
702 3641 789 3728 prior
805 3643 903 3709 edidit
920 3656 1017 3710 aetas.

250 3748 336 3790 nunc
353 3748 480 3813 quoque
497 3728 531 3793 in
547 3727 693 3792 Euboico
711 3729 861 3814 scopulus
878 3729 984 3796 brevis
1001 3728 1117 3796 eminet
1133 3730 1198 3795 alto

251 3810 376 3878 nnrnite
394 3825 425 3879 et
442 3812 600 3878 humanae
618 3825 723 3879 servat
740 3813 874 3898 vestigia
891 3814 1023 3892 formae,

380 3897 471 3981 quasi
488 3921 669 3976 sensurum,
686 3912 803 3963 nautae
821 3899 943 3965 calcare
960 3910 1109 3965 verentur

380 3995 476 4066 utque
493 3981 628 4048 Lichan.
672 3994 706 4047 at
722 3993 772 4060 tu,
791 3984 876 4049 lovis
893 3984 1002 4050 inclita
1018 3986 1133 4071 proles,

392 4087 419 4131 rs
438 4066 552 4146 caesis,
569 4087 649 4152 quas
666 4067 767 4134 ardua
782 4081 924 4156 gesserat
941 4068 1036 4150 Oete,
