2800 4500
248 276 323 348 72·
419 294 423 301 ·
502 291 504 297 '
580 290 614 348 r.
633 288 758 350 ovum
775 288 939 351 nasonia

247 418 360 483 umbra
377 416 436 482 viri
454 416 523 483 visa
539 426 602 495 est,
620 415 723 482 visam
740 415 809 482 fera
825 416 927 481 saevit
942 415 976 481 in
994 412 1168 483 umbram.⁴

247 515 345 587 utque
362 503 449 568 Iovis
488 525 613 589 raepes,
632 524 734 568 vacuo
753 524 825 567 cum
843 502 923 567 vidit
938 500 972 565 in
990 524 1065 566 arvo

172 617 174 625 ’
247 590 451 676 praebentem
499 588 601 654 hoebo
619 588 749 653 liventia
765 599 856 674 terga
873 588 1052 664 draconem,

181 695 229 746 715
248 685 383 762 occupat
400 696 561 750 aversum,
580 697 643 738 nen
660 696 756 739 saeva
772 683 953 757 retorqueat
970 694 1036 750 ora,

248 760 456 846 squamigeris
473 759 583 825 avidos
600 759 671 845 figit
688 758 864 824 cervicibus
881 780 1020 844 ungues:

248 847 294 912 sic
311 846 405 912 celeri
420 845 536 911 missus
554 866 706 930 praeceps
723 867 781 930 per
797 845 891 909 inane
908 844 1017 909 volatu

247 944 338 1018 terga
354 932 441 997 ferae
458 931 573 1017 pressit
589 931 764 1015 dextroque
782 930 945 995 frementis
961 930 995 993 in
1013 950 1100 994 armo

248 1017 416 1083 Inachides
433 1017 553 1082 ferrum
572 1027 779 1081 curvotenus
797 1015 920 1080 abdidit
935 1015 1040 1080 hamo.

182 1123 231 1171 720
248 1104 379 1168 vulnere
396 1103 483 1167 laesa
498 1101 590 1188 gravi
606 1101 701 1165 modo
720 1123 753 1166 se
771 1101 914 1165 sublimis
931 1101 965 1166 in
983 1123 1076 1165 auras

248 1187 375 1266 attollit,
392 1188 487 1252 modo
505 1186 612 1252 subdit
629 1187 734 1270 aquis,
752 1187 847 1252 modo
864 1208 952 1251 more
969 1186 1083 1251 ferocis

170 1298 172 1300 ·
248 1285 354 1338 versat
372 1273 454 1359 apri,
471 1294 568 1356 quem
584 1272 678 1336 turba
695 1293 810 1337 canum
828 1272 1027 1337 circumsona
1043 1281 1148 1337 terret.

221 1390 222 1393 ¹
248 1360 302 1425 ille
320 1359 429 1424 avidos
447 1379 570 1423 morsus
587 1357 751 1423 velocibus
769 1358 883 1443 effugit
900 1358 973 1434 alis;

249 1464 375 1528 quaque
396 1454 499 1529 patet,
525 1467 611 1509 nuno
634 1454 725 1529 terga
742 1442 828 1507 cavis
845 1465 941 1529 super
955 1442 1060 1508 obsita
1076 1441 1216 1519 conchis,

183 1549 232 1598 725
250 1551 336 1594 nunc
352 1531 486 1595 laterum
505 1539 622 1604 costas,
640 1551 727 1593 nunc
744 1549 808 1611 qua
825 1528 1010 1594 tenuissima
1027 1528 1129 1592 cauda

250 1614 365 1680 desinit
381 1615 414 1678 in
429 1613 566 1715 piscem,
584 1614 700 1678 falcato
717 1615 862 1679 vulnerat
880 1637 965 1679 ense.

250 1699 345 1766 belua
362 1721 497 1786 puniceo
514 1699 630 1763 mixtos
648 1722 720 1764 cum
739 1699 894 1785 sanguine
911 1700 1026 1764 fluctus

251 1807 305 1851 ore
322 1785 434 1850 vomit:
452 1784 603 1850 maduere
619 1807 733 1870 graves
750 1784 917 1870 aspergine
932 1807 1066 1871 pennae.

250 1893 309 1936 nec
325 1871 442 1936 bibulis
458 1871 542 1936 ultra
557 1870 696 1935 Perseus
714 1870 865 1935 talaribus
882 1893 979 1935 ausus

183 1975 234 2025 730
251 1957 378 2022 credere
395 1956 560 2042 conspexit
576 1956 756 2041 scopulum,
774 1955 830 2039 qni
847 1955 964 2021 vertice
981 1977 1106 2021 summo

250 2042 406 2107 stantibus
424 2052 511 2106 extat
527 2041 632 2124 aquis,
650 2041 791 2126 operitur
807 2040 848 2106 ab
865 2062 1001 2125 aequore
1018 2052 1114 2106 moto.

250 2127 344 2193 nixus
362 2149 400 2192 eo
416 2127 568 2213 rupisque
584 2137 697 2191 tenens
713 2126 790 2212 iuga
806 2127 909 2228 prima
926 2126 1052 2192 sinistra

251 2225 299 2280 ter
315 2223 428 2297 quater
445 2213 551 2298 exegit
567 2213 700 2298 repetita
717 2220 774 2298 per
790 2211 846 2277 iha
862 2212 1000 2296 ferrum„

218 2341 220 2344 .
249 2300 341 2365 litora
358 2321 431 2364 cum
470 2300 561 2363 lausu
580 2299 699 2363 clamor
715 2320 910 2385 superasque
928 2299 1059 2365 deorum
1132 2323 1133 2327 ¹

184 2404 232 2455 735
249 2384 421 2471 implevere
439 2322 560 2448 domos.
603 2384 745 2470 gaudent
760 2406 977 2471 generumque
994 2384 1133 2450 salutant

251 2470 467 2553 auxiliumque
484 2468 598 2534 domus
615 2479 870 2554 servatoremque
887 2470 1027 2537 fatentur

252 2554 406 2640 Cassiope
424 2552 636 2641 Cepheusque
653 2565 754 2641 pater.
796 2556 935 2620 resoluta
952 2554 1071 2621 catenis

250 2641 368 2707 incedit
384 2640 490 2726 virgo,
507 2641 708 2726 pretiumque
725 2651 757 2705 et
774 2661 871 2705 causa
886 2641 1014 2706 laboris.

250 2727 319 2813 ipse
335 2748 449 2790 manus
466 2725 580 2790 hausta
596 2725 741 2791 victrices
758 2726 858 2791 abluit
875 2727 975 2805 unda3

184 2833 235 2883 740
251 2811 515 2898 anguiferumque
536 2823 631 2895 caput
649 2811 729 2876 dura
745 2834 786 2876 ne
801 2812 906 2878 laedat
923 2813 1051 2889 harena,

251 2898 352 2963 mollit
367 2897 501 2962 humum
518 2896 616 2972 foliis,
635 2908 789 2980 natasque
806 2898 867 2962 sub
884 2919 1021 2981 aequore
1039 2897 1146 2984 virgas

251 2982 362 3051 sternit
379 2993 411 3049 et
426 2982 560 3068 imponit
576 2982 796 3068 Phorcynidos
814 3004 869 3047 ora
885 2983 1051 3049 Medusae.

251 3069 342 3155 virga
358 3090 468 3134 recens
485 3068 657 3151 bibulaque
675 3068 855 3133 etiamnunc
865 3068 940 3133 viva
956 3069 1096 3134 medulla

175 3183 177 3188 s
251 3154 316 3219 vim
334 3153 439 3239 rapuit
456 3153 588 3219 monstri
605 3165 755 3237 tactuque
771 3153 913 3217 induruit
929 3153 1034 3229 huius,

184 3261 233 3309 745
251 3240 456 3389 percepitque
473 3260 592 3304 novum
608 3239 704 3303 ramis
722 3248 754 3303 et
770 3237 883 3303 fronde
900 3238 1047 3325 rigorem.

252 3338 286 3391 at
302 3348 342 3411 pe
355 3325 408 3411 agi
425 3323 585 3410 nymphae
601 3324 722 3388 factum
739 3322 883 3388 mirabile
900 3334 1056 3410 temptant

250 3410 394 3497 pluribus
411 3409 445 3475 in
461 3409 559 3511 virgis
577 3420 610 3474 et
625 3409 711 3474 idem
729 3408 912 3495 contingere
928 3411 1070 3496 gaudent

252 3496 435 3579 seminaque
453 3516 494 3561 ex
510 3494 573 3559 rllis
590 3494 705 3560 iterant
720 3494 836 3560 iactata
852 3517 910 3580 per
925 3495 1038 3561 undas.

175 3623 177 3628 ι
251 3602 337 3645 nunc
354 3601 481 3664 quoque
499 3580 625 3645 curaliis
642 3580 753 3647 eadem
770 3590 884 3645 natura
899 3581 1059 3658 remansit,

186 3687 235 3735 750
252 3664 400 3729 duritiam
417 3676 501 3730 tacto
520 3666 646 3751 capiant
662 3676 698 3731 ut
716 3665 757 3729 ab
775 3671 861 3743 ae're,
879 3668 1028 3751 quodque

252 3750 358 3815 vimen
375 3750 408 3814 in
426 3772 562 3834 aequore
580 3761 661 3829 erat,
678 3751 735 3815 fiat
751 3773 846 3836 super
862 3773 1001 3835 aequora
1017 3775 1140 3820 saxum.

293 3834 356 3899 Dis
373 3835 474 3899 tribus
490 3836 543 3901 ille
560 3836 649 3901 focos
665 3837 797 3902 totidem
814 3836 854 3904 de
872 3838 1009 3924 caespite
1026 3837 1125 3925 ponit,

252 3920 377 3985 laevum
395 3920 570 3999 Mercurio,
589 3923 736 3987 dextrum
753 3922 825 4000 tibi,
844 3923 957 3989 bellica
974 3925 1065 4012 virgo
1071 3952 1079 4003 3

253 4028 308 4069 ara
324 4005 410 4070 Iovis
428 4006 531 4071 media
548 4019 605 4073 est.
648 4018 805 4073 mactatur
821 4030 918 4075 vacca
934 4009 1111 4090 Minervae,

186 4111 235 4164 raa
252 4090 368 4187 alipedi
385 4089 517 4177 vitulus,
534 4101 643 4162 taurus
660 4094 733 4184 tibi,
751 4118 874 4176 summe
893 4096 1033 4174 deorum.
