2800 4500
273 229 346 296 Ι210
613 241 646 296 Ρ.
666 240 792 299 ov1D11
809 237 972 296 NASONIS

275 367 378 453 vplaga
394 364 472 430 facit
488 364 626 450 gemitus
644 363 678 427 in
695 386 827 449 corpore
846 361 1010 426 marmoris
1026 360 1092 439 icti,

281 453 445 536 fractaque
463 450 598 515 dissiluit
614 471 765 534 percusso
781 448 933 513 lammina
950 447 1040 512 callo.

282 548 319 603 ut
335 537 411 603 satis
427 536 552 600 illaesos
570 535 697 599 miranti
714 533 860 620 praebuit
877 545 974 609 artus,

213 644 264 693 445
283 629 394 688 “nunc
410 621 501 706 age‚'’
521 621 565 686 ait
583 617 732 686 Caeneus
750 626 883 684 “nostro
900 629 956 683 tua
973 639 1105 703 corpora
1122 619 1206 685 ferro

281 705 511 794 temptemusl’'
528 706 706 791 capuloque
724 715 816 771 tenus
834 703 959 769 demisit
975 704 1008 769 in
1025 726 1129 769 armos

282 815 389 858 ensem
406 791 568 857 fatiferum
585 811 780 875 caecumque
796 791 829 854 in
847 790 970 855 viscera
985 790 1085 854 movit

169 882 173 889 ’
282 878 482 961 versavitque
512 898 610 940 manu
646 877 825 959 vulnusque
842 875 876 939 in
893 876 1023 941 vulnere
1040 875 1125 941 fecit.

283 986 357 1030 ecoe
374 972 472 1029 ruunt
488 974 579 1028 vasto
596 961 699 1026 rabidi
717 961 854 1026 clamore
878 961 1069 1028 bimembres

214 1071 266 1120 400
282 1051 409 1132 telaque
425 1048 460 1112 in
475 1046 562 1112 hunc
578 1069 688 1111 omnes
707 1069 806 1111 unum
823 1046 1015 1129 mittuntque
1032 1046 1210 1129 feruntque.

282 1136 345 1201 tela
363 1144 471 1200 retusa
487 1133 619 1209 cadunt3
636 1144 745 1199 manet
761 1131 967 1216 imperfossus
985 1132 1026 1196 ab
1044 1131 1129 1197 omni

281 1220 561 1305 iuquecrueutatus
580 1215 888 1283 CaeneusElateius
905 1216 981 1282 ictu.

282 1306 401 1371 fecerat
417 1303 565 1369 attonitos
581 1325 666 1369 nova
682 1326 743 1369 res.
787 1302 876 1368 “heu
893 1302 1031 1368 dedecus
1048 1300 1200 1388 ingensl”

241 1428 244 1433 ·
281 1389 466 1477 Monychus
483 1390 649 1464 exclamat,
668 1388 828 1474 “populus
846 1410 1033 1473 superamur
1050 1389 1091 1453 ab
1107 1408 1182 1464 uno,

214 1498 265 1547 495
283 1477 401 1560 vixque
418 1475 497 1540 viro.
541 1495 736 1559 quamquam
751 1473 805 1539 illc
822 1473 871 1538 vir
888 1485 950 1539 est:
972 1493 1031 1539 nos
1048 1473 1199 1574 segnibus
1217 1472 1308 1552 actis,

282 1561 370 1646 quod
386 1561 448 1626 fuit
464 1561 532 1638 ille,
550 1581 670 1625 sumus.
714 1559 792 1643 quid
808 1559 951 1623 membra
967 1558 1117 1623 immama
1133 1560 1286 1644 prosunt?

283 1647 360 1731 quid
377 1646 524 1732 geminae
541 1646 638 1722 vires,
656 1657 689 1710 et
706 1645 792 1729 quod
809 1643 980 1710 fortissima
995 1665 1103 1709 rerum

282 1732 317 1797 in
332 1732 424 1797 nobis
442 1730 561 1818 duplex
576 1741 690 1796 natura
708 1730 856 1794 animalia
871 1729 993 1794 iunxit?

282 1840 342 1884 nec
359 1839 417 1882 nos
433 1828 534 1882 matre
551 1816 613 1882 dea
627 1838 688 1882 nec
704 1837 763 1881 nos
780 1815 892 1880 Ixione
908 1826 999 1879 natos

215 1925 266 1972 500
283 1926 353 1968 4444
369 1923 454 1981 4404;
471 1902 527 1987 qui
543 1912 650 1966 tantus
668 1912 750 1979 erat,
767 1901 899 1966 Iunonis
916 1912 952 1966 ut
969 1901 1051 1966 altae

283 2011 373 2074 spem
391 2009 429 2053 ca
451 1998 532 2054 eretz
550 2008 609 2053 uos
626 1986 785 2052 semimari
802 2008 989 2070 superamur
1006 1986 1047 2049 ab
1064 1984 1166 2051 hoste.

283 2097 360 2138 saxa
377 2011 546 2157 tradesque
563 2095 659 2158 super
675 2084 822 2157 totosque
838 2071 990 2138 involvite
1007 2083 1140 2148 montes,

283 2160 490 2243 vivacemque
507 2159 647 2223 animam
663 2158 768 2224 missis
785 2157 892 2223 elidite
910 2156 1012 2223 silvisl

283 2245 363 2311 silva
380 2257 503 2331 premat
519 2244 643 2320 fauces,
661 2257 694 2310 et
711 2243 769 2309 erit
786 2266 844 2329 pro
861 2242 992 2309 vulnere
1009 2241 1164 2328 pondus.’'

217 2348 266 2398 505
285 2331 374 2396 dixit.
417 2341 449 2396 et
465 2329 568 2395 insani
586 2329 742 2395 deiectam
759 2328 880 2394 viribus
898 2329 997 2394 austri

284 2417 365 2481 forte
382 2416 506 2481 trabem
523 2426 650 2491 nactus,
667 2414 810 2479 validum
826 2413 959 2480 coniecit
976 2414 1010 2479 in
1026 2412 1164 2478 hostem:

285 2501 529 2601 exemplumque
546 2499 616 2564 fuit
658 2521 822 2585 parvoque
839 2498 872 2563 in
890 2509 1032 2583 tempore
1048 2499 1154 2563 nudus

284 2586 406 2650 arboris
424 2582 545 2670 Othrys
564 2595 645 2660 4444,
662 2606 722 2650 nec
738 2584 878 2649 habebat
893 2584 1006 2649 Pelion
1018 2583 1158 2649 umbras.

285 2671 416 2735 obrutus
434 2669 565 2735 immani
582 2670 709 2735 cumulo
727 2670 788 2734 sub
805 2669 945 2754 pondere
963 2665 1111 2734 Caeneus

217 2777 268 2826 510
286 2767 410 2821 aestuat
427 2755 559 2820 arboreo
573 2766 788 2841 congestaque
799 2755 914 2820 robora
931 2754 1017 2819 duris

284 2841 346 2907 sert
363 2840 491 2906 umeris.
535 2841 592 2905 sed
609 2842 695 2906 enim
712 2852 882 2927 postquam
899 2862 995 2925 super
1012 2861 1067 2904 ora
1085 2851 1244 2925 caputque

284 2926 383 2992 erevit
400 2947 495 3001 onus,
513 2935 617 3009 neque
633 2926 746 3002 habet,
763 2947 843 3008 quas
860 2926 970 3002 ducat,
987 2924 1116 3010 spiritus
1134 2948 1239 3003 auras,

285 3011 390 3077 deficit
406 3011 579 3076 interdum:
597 3012 692 3076 modo
711 3034 745 3077 se
762 3034 801 3075 su
824 3010 945 3077 erantia
965 3010 1083 3075 frustra

284 3098 394 3163 tollere
411 3107 544 3162 conatur
559 3096 723 3180 iactasque
741 3035 886 3161 evolvere
904 3096 999 3160 silvas
1004 3120 1014 3172 3

217 3203 267 3254 415
284 3182 506 3266 interdumque
523 3191 643 3247 movet:
661 3181 774 3259 veluti,
792 3203 887 3265 quam
905 3180 1076 3259 cernimus,
1094 3201 1183 3259 ecce,

284 3268 385 3333 ardua
401 3267 429 3332 si
446 3278 548 3331 terrae
566 3267 728 3350 quatiatur
744 3265 882 3330 motibus
899 3265 967 3331 Ide.

285 3354 388 3419 exitus
405 3352 439 3417 in
457 3351 554 3417 dubio
571 3362 629 3417 est.
673 3352 726 3416 alii
744 3351 804 3415 sub
821 3350 929 3416 inania
945 3373 1060 3436 corpus

284 3439 420 3503 Tartara
436 3436 600 3503 detrusum
618 3437 769 3501 silvarum
786 3437 869 3500 mole
886 3436 1043 3501 ferebant:

284 3523 397 3589 abnuit
413 3522 610 3609 Ampycides
627 3521 796 3605 medioque
814 3543 854 3586 ex
871 3543 989 3670 aggere
1005 3521 1102 3586 fulvis

217 3630 268 3679 520
285 3608 364 3673 vidit
380 3629 473 3673 avem
489 3606 602 3693 pennis
619 3605 755 3690 liquidas
773 3605 859 3671 exire
877 3630 914 3671 su
954 3629 1057 3683 auras,

284 3714 368 3778 quac
385 3692 463 3757 mihi
480 3703 557 3758 tunc
573 3692 725 3778 primum,
743 3703 819 3756 tunc
837 3704 885 3755 est
901 3712 977 3757 cons
1001 3703 1070 3758 ecta
1087 3714 1281 3777 supremum.

284 3776 367 3842 hanc
384 3777 440 3843 ubi
456 3778 643 3843 lustrantem
660 3775 724 3841 leni
741 3799 800 3841 sua
817 3788 920 3841 castra
937 3714 1044 3843 voliatu

285 3862 422 3947 Mopsus
439 3874 472 3930 44
487 3862 610 3948 ingenti
627 3862 747 3929 circum
763 3862 911 3947 clangore
928 3873 1093 3928 sonantem

285 3946 410 4031 aspexit
424 3947 606 4033 pariterque
622 3947 727 4013 animo
745 3956 793 4013 est
809 3946 972 4031 oculisque
988 3959 1126 4026 secutus,

217 4051 268 4102 545
286 4038 331 4096 “o
349 4032 465 4110 sslvc‚”
485 4033 564 4098 dixit
581 4032 804 4122 “Lapithaeae
820 4032 923 4120 gloria
939 4031 1053 4120 gentis,
