2800 4500
217 286 584 352 METAMORPHOSEON
599 290 672 349 LIB.
685 292 724 350 II.
742 293 887 353 834-875,
905 294 957 352 ΙΙΙ.
970 294 1064 354 1-41.
1111 282 1154 351 39

486 517 603 573 LIBER
619 517 796 576 TERTIUS.

131 674 264 758 Iamque
282 674 360 740 deus
377 675 480 762 posita
495 675 617 740 fallacis
634 675 773 761 imagine
790 673 874 740 tauri
1102 694 1220 750 Cumas.

132 783 167 826 se
184 759 347 825 confessus
363 771 432 824 erat
448 759 647 846 Dictaeaque
665 784 740 826 rura
756 761 898 827 tenebat=

132 868 206 910 cum
222 857 313 930 pater
327 845 459 931 ignarus
477 844 602 911 Cadmo
619 847 800 949 perquirere
817 857 940 933 raptam

131 931 265 1014 imperat
282 941 314 996 et
330 952 479 1016 poenam,
499 931 607 996 sinon
623 933 793 1009 invenerit,
811 932 900 997 addit

132 1017 276 1093 exilium,
294 1015 379 1081 facto
396 1017 468 1102 pius
486 1028 518 1082 et
535 1018 706 1083 sceleratus
723 1017 845 1083 eodem.

132 1101 209 1166 orbe
226 1113 385 1187 pererrato
401 1101 489 1185 (quis
506 1103 590 1167 enim
609 1102 804 1188 deprendere
820 1102 921 1188 possit

131 1187 218 1251 furta
234 1186 354 1272 Iovisl)
370 1187 463 1273 profu
510 1209 525 1252 s
543 1188 740 1273 patriamque
756 1188 899 1271 iramque
916 1189 1055 1273 parentis

132 1272 211 1337 vitat
228 1272 428 1357 Agenorides
444 1210 632 1358 Pbbebique
649 1274 778 1339 oracula
795 1274 930 1359 supplex

132 1357 268 1422 consulit
284 1369 330 1434 et,
348 1379 430 1442 quae
448 1358 489 1423 sit
504 1360 597 1425 tellus
614 1359 802 1438 habitanda,
819 1359 961 1444 requirit.

133 1443 205 1508 ‘bos
222 1441 293 1508 tibi'
310 1442 462 1509 Phoebus
480 1443 525 1510 ait
542 1444 631 1510 ‘solis
648 1455 792 1510 occurret
808 1444 842 1508 in
859 1445 953 1523 arvis,

131 1528 255 1593 nullum
271 1550 366 1614 passa
382 1528 494 1615 iugum
512 1530 663 1615 curvique
679 1530 829 1595 immunis
847 1531 952 1596 aratri.

132 1613 193 1678 hac
211 1613 291 1679 duce
308 1636 402 1700 carpe
420 1615 487 1679 vias
505 1626 550 1693 et,
568 1637 633 1700 qua
649 1615 840 1700 requieverit
856 1615 965 1693 herba,

132 1699 258 1765 moenia
274 1698 326 1764 fac
344 1700 477 1775 condas,
494 1701 691 1784 Boeotiaque
708 1701 764 1765 illa
780 1700 914 1766 vocato?

132 1784 187 1849 vix
203 1784 284 1850 bene
303 1782 443 1850 Castalio
461 1783 603 1851 Cadmus
621 1786 827 1852 descenderat
844 1797 948 1853 antro:

132 1869 353 1934 incustoditam
370 1871 455 1937 lente
471 1872 559 1937 videt
574 1871 621 1938 ire
637 1872 804 1937 iuvencam

132 1955 255 2020 nullum
272 1955 390 2021 servitii
407 1956 533 2043 signum
551 1957 673 2022 cervice
690 1968 864 2043 gerentem.

133 2040 336 2124 subsequitur
352 2063 524 2127 pressoque
541 2043 620 2127 legit
636 2043 772 2128 vestigia
787 2064 900 2128 gressu

132 2138 357 2210 auctoremque
374 2127 445 2193 viae
462 2127 630 2192 Phoebum
647 2128 823 2192 taciturnus
840 2128 961 2193 adorat.

131 2210 196 2276 iam
214 2212 297 2276 vada
315 2209 445 2299 Cephisi
461 2211 674 2299 Panopesque
691 2225 836 2280 evaserat
853 2236 943 2280 arvae

132 2297 191 2362 bos
209 2298 294 2363 stetit
311 2308 343 2362 et
360 2300 473 2363 tollens
490 2299 665 2385 speciosam
683 2299 831 2365 cornibus
848 2299 919 2364 altis

132 2383 173 2447 ad
192 2383 314 2448 caelum
331 2382 466 2449 frontem
484 2384 659 2471 mugitibus
676 2384 801 2470 impulit
818 2406 922 2450 auras.

132 2481 229 2551 atque
244 2467 289 2532 ita
306 2468 477 2555 respiciens
495 2469 625 2535 comites
644 2492 701 2534 sua
719 2482 810 2572 terga
827 2481 994 2554 sequentes

154 2552 300 2618 rocubuit
316 2564 486 2638 teneraque
496 2555 585 2619 latus
603 2555 761 2620 summisit
776 2578 810 2619 m
827 2555 935 2621 herba

131 2575 275 2703 Cadmus
292 2638 358 2724 agit
375 2653 481 2725 grates
498 2640 747 2727 peregrinaeque
764 2642 873 2706 oscula
889 2653 992 2707 terrae

131 2723 202 2809 figit
218 2735 249 2789 et
266 2723 391 2809 ignotos
408 2738 531 2791 montes
549 2746 706 2811 agrosque
724 2727 849 2790 salutat.

132 2830 223 2873 sacra
239 2809 309 2873 Iovi
326 2809 468 2874 facturus
485 2822 568 2875 erate
585 2809 675 2876 iubet
691 2811 737 2876 irs
754 2811 914 2877 ministros

132 2906 164 2958 et
203 2904 286 2960 etere
304 2917 323 2960 e
339 2895 419 2960 vivis
435 2894 580 2960 libandas
596 2896 737 2961 fontibus
754 2896 867 2960 undas.

175 2916 265 3045 §ilva
281 2990 372 3044 vetus
390 2980 494 3045 stabat
510 2981 599 3045 nulla
615 2981 731 3046 violata
748 2981 862 3058 securi,

131 3075 163 3130 et
181 3086 293 3165 specus
311 3065 344 3129 in
360 3065 479 3141 medio,
497 3065 593 3152 virgis
612 3087 649 3130 ac
666 3066 785 3131 vimine
802 3065 930 3144 densus,

130 3149 272 3215 efficiens
289 3148 439 3215 humilem
456 3150 598 3237 lapidum
615 3172 708 3237 comp
752 3151 823 3216 'bus
840 3173 960 3230 arcum,

130 3233 282 3300 uberibus
299 3233 454 3301 fecundus
471 3236 576 3319 aquis,
594 3236 649 3300 ubi
667 3258 726 3301 con
751 3236 812 3301 'tus
830 3249 921 3302 antro

129 3318 267 3384 Martius
285 3319 398 3405 anguis
416 3333 496 3398 erat,
514 3321 615 3387 cristis
632 3321 809 3407 praesignis
827 3334 859 3388 et
876 3343 963 3389 auro.

129 3403 204 3489 igne
220 3405 338 3469 micant
354 3405 452 3483 oculi3
470 3427 584 3492 corpus
601 3418 702 3471 tumet
719 3429 813 3473 omne
830 3428 967 3484 veneno;

129 3501 256 3572 tresque
275 3489 400 3554 vibrant
416 3490 559 3576 linguae3
577 3492 691 3577 triplici
710 3503 794 3557 stant
810 3493 919 3558 ordine
937 3493 1057 3558 dentes.

128 3596 225 3659 quem
242 3584 410 3660 postquam
427 3575 525 3660 Tyria
541 3577 648 3642 lucum
667 3577 708 3642 de
723 3589 820 3663 geute
836 3578 971 3664 profecti

128 3659 267 3725 infausto
284 3660 417 3745 tetigere
433 3662 550 3746 gradu,
568 3661 767 3747 demissaque
783 3662 818 3726 in
833 3663 937 3727 undas

128 3765 210 3809 urna
226 3743 313 3809 dedit
329 3744 481 3823 sonitum,
500 3747 595 3832 longo
612 3759 709 3833 caput
725 3747 838 3813 extulit
854 3758 945 3813 antro

128 3830 292 3894 caemleus
309 3852 438 3915 serpens
456 3829 675 3916 horrendaque
692 3832 785 3898 sibila
800 3831 896 3898 misit.

128 3913 281 3979 effluxere
297 3937 397 3981 urnae
414 3915 560 3981 manibus
577 3918 771 4003 sanguisque
786 3917 914 4002 reliquit

128 4019 258 4084 corpus,
276 4009 307 4063 et
324 4001 471 4066 attonitos
489 4001 612 4067 subitus
629 4014 747 4068 tremor
764 4015 898 4089 occupat
915 4016 1011 4071 artus.

127 4083 180 4153 ille
198 4084 389 4150 volubilibus
407 4107 593 4172 squamosos
609 4088 745 4154 nexibus
762 4086 855 4156 orbes
