2800 4500
321 304 689 364 rmrnuonrflosuon
706 303 778 360 nm.
798 302 848 364 77.
867 306 1011 363 rra-roa
1136 290 1179 361 ta

154 430 298 533 protinus
317 426 546 496 Andromedan
563 440 596 495 et
612 428 690 493 tanti
708 429 849 514 praemia
865 429 942 495 facti

152 518 297 583 indotata
312 516 405 603 rapit.
448 516 558 582 taedas
575 517 783 600 Hymenaeus
801 516 967 600 Amorque

155 601 370 689 praecutiunt,
387 602 434 666 lar
458 602 484 667 's
502 601 655 666 satiantur
671 600 822 665 odoribus
838 600 939 687 ignes,

156 701 302 772 sertaque
320 687 422 773 depen
446 698 500 753 ent
516 686 607 752 tectis
625 696 657 750 et
673 685 793 769 ubique
809 687 961 772 lyraeque

156 774 296 858 tibiaque
314 783 346 839 et
362 783 489 849 cantus,
506 770 604 837 animi
621 770 727 836 felicia
743 771 818 836 laeti

157 871 357 946 argumenta,
375 869 498 923 sonant.
541 857 686 922 reseratis
704 879 801 922 aurea
818 855 919 922 valvis

159 945 240 1010 atria
256 955 322 1009 tota
338 953 457 1031 patent,
473 942 671 1029 pulchroque
687 942 842 1008 instructa
858 952 971 1029 paratu

159 1028 303 1116 Cepheni
320 1051 467 1116 proceres
483 1029 594 1094 ineunt
611 1027 757 1093 convivia
773 1028 868 1115 regis.

156 1128 324 1201 postquam
342 1115 444 1201 epulis
461 1113 562 1179 functi
579 1113 726 1200 generosi
742 1136 874 1179 munere
891 1112 1011 1180 Bacchi

157 1200 313 1266 diffudere
329 1201 464 1276 animos,
483 1199 649 1283 cultusque
665 1220 832 1285 genusque
848 1198 991 1265 locorum
1197 1219 1247 1270 777

157 1286 280 1372 quaerit
296 1285 459 1372 Lyncides
476 1305 643 1369 moresque
660 1283 865 1368 animumque
882 1283 1032 1353 virorum.

156 1393 239 1457 quae
257 1371 351 1437 simul
368 1371 509 1449 edocuit,
527 1377 641 1449 mune,
658 1390 678 1434 o
695 1368 885 1446 fortissime,’
904 1370 984 1436 dixit

156 1457 240 1523 ‘fare
256 1456 389 1544 precor,'
408 1453 559 1542 Cepheus
575 1462 709 1540 ‘quanta
726 1455 842 1521 virtute
859 1455 1039 1541 quibusque

156 1543 278 1608 artibus
295 1541 463 1608 abstuleris
480 1540 593 1607 crinita
609 1540 800 1606 draconibus
817 1541 892 1605 cra'

155 1639 263 1694 narrat
279 1627 494 1713 Agenorides,
512 1626 618 1713 gelido
636 1626 696 1691 sub
714 1627 847 1692 Atlante
863 1626 1019 1694 iacentem
1107 1641 1249 1709 (Medma)

157 1737 226 1779 esse
242 1715 348 1779 locum
365 1712 485 1778 solidae
502 1722 607 1778 tutum
623 1711 797 1777 munimine
814 1712 918 1789 molis,
1197 1735 1245 1782 777

157 1799 247 1864 ouius
263 1798 297 1864 in
314 1798 444 1864 introitu
460 1798 604 1884 geminas
620 1797 780 1862 habitasse
797 1817 920 1863 sorores

156 1884 347 1960 Phorcidas,
364 1884 459 1949 unius
477 1882 608 1968 partitas
623 1883 752 1947 luminis
769 1905 878 1947 usum:

157 1970 191 2035 id
209 1992 243 2036 se
261 1969 380 2035 sollerti
396 1968 519 2046 furtim,
537 1969 613 2033 dum
630 1967 773 2045 traditur,
790 1980 862 2033 astu

157 2054 321 2141 supposita
337 2054 459 2140 cepisse
476 2075 589 2131 manu,
606 2073 734 2138 perque
744 2053 852 2118 abdita
868 2053 964 2139 longe

158 2142 312 2224 deviaque
330 2153 362 2205 et
379 2139 467 2205 silvis
484 2137 644 2204 horrentia
660 2161 749 2240 saxa·
755 2138 891 2224 fragosis

159 2224 347 2313 Gorgoneas
364 2236 505 2376 tetigissem
522 2224 647 2303 domos,
664 2245 846 2311 passrmque
862 2245 920 2310 per
936 2244 1031 2310 agros

157 2310 363 2414 perque'vias
379 2310 412 2376 vi
478 2310 676 2377 chominum
693 2310 862 2375 simulacra
878 2309 1081 2394 ferarumque

156 2422 190 2463 m
209 2397 328 2462 silicem
346 2418 385 2462 ex
402 2396 479 2482 ipsis
496 2395 566 2461 visa
582 2416 735 2463 conversa
748 2395 902 2460 Medusa:

159 2506 193 2549 se
210 2493 317 2549 tamen
334 2482 510 2547 horrendae
527 2481 634 2567 clipei,
646 2504 743 2566 quem
756 2481 847 2546 laeva
864 2480 1004 2566 gerebat,

157 2591 229 2634 aere
246 2588 464 2653 repercussam
480 2566 616 2632 formam
633 2566 794 2651 aspexisse
810 2566 983 2632 Medusae:

157 2655 297 2755 dumque
314 2651 421 2739 gravis
438 2673 567 2717 somnus
584 2652 794 2735 colubrasque
809 2651 976 2737 ipsamque
993 2652 1131 2728 tenebat,

158 2740 311 2825 eripuisse
328 2748 423 2823 caput
441 2738 537 2813 collo;
554 2736 730 2822 pennisque
747 2738 896 2822 fugacem

158 2823 309 2908 Pegason
325 2834 358 2889 et
374 2823 504 2889 trahem
515 2821 630 2904 >matris
648 2821 688 2887 de
705 2821 859 2907 sanguine
875 2830 967 2887 natos

158 2909 280 2974 addidit
296 2919 328 2974 77
345 2907 434 2995 longi
449 2930 515 2974 non
531 2906 614 2973 falsa
670 2906 770 2972 ricula
786 2928 911 2972 cursus:

159 3016 242 3079 quac
259 2992 355 3070 freta,
372 3015 452 3077 quas
469 3004 569 3058 terras
585 3014 624 3057 su
663 3014 698 3058 se
715 2991 845 3057 vidisset
861 2992 902 3057 ab
919 2992 994 3068 alto,

159 3089 191 3145 et
207 3100 290 3164 quae
306 3078 429 3144 iactatis
446 3077 603 3165 tetigisset
619 3076 724 3143 sidera
739 3076 861 3162 pennis.

160 3174 233 3230 ante
250 3173 450 3250 expectatum
468 3164 567 3229 tacuit
583 3173 700 3229 tamen.
744 3162 861 3249 excipit
877 3183 959 3227 unus

159 3271 200 3316 ex
216 3270 349 3314 numero
367 3271 550 3336 procerum,
568 3270 738 3333 quaerens,
756 3269 813 3313 cur
830 3247 897 3313 sola
914 3268 1057 3313 sororum

159 3335 293 3421 gesserit
309 3334 437 3400 alternis
453 3334 614 3399 immixtos
632 3333 770 3399 crinibus
789 3355 920 3419 angues.

202 3422 330 3505 Hospes
347 3419 392 3484 ait
409 3420 574 3504 ‘quoniam
590 3418 713 3485 scitaris
730 3418 828 3505 digna
844 3419 956 3496 relatu,

159 3504 267 3591 accipe
285 3503 420 3588 quaesiti
436 3525 574 3570 causam.
617 3503 791 3570 clarissima
807 3503 911 3569 forma'

159 3591 395 3673 multorumque
411 3588 473 3654 fuit
488 3612 561 3677 spes
577 3588 733 3654 invidiosa
749 3611 918 3676 procorum

158 3677 227 3752 illa3
244 3697 304 3740 nec
321 3674 355 3739 in
372 3685 439 3740 tota
455 3674 652 3761 conspectior
667 3674 734 3740 ulla
750 3675 871 3760 capillis

182 3784 233 3826 ars
250 3759 320 3825 fuit.
363 3758 484 3837 inveni,
502 3759 558 3844 qui
574 3760 742 3826 sevidisse
758 3759 899 3826 referret.

159 3786 242 3920 hanc
259 3843 365 3933 pelagi
381 3856 485 3911 rector
500 3845 619 3931 templo
636 3845 764 3910 vitiasse
780 3844 947 3911 Minervae

160 3930 284 3997 dicitur.
328 3952 439 3997 aversa
456 3941 505 3996 est
521 3939 555 3994 et
571 3941 673 3995 castos
690 3928 803 4015 aegide
820 3930 926 3995 vultus

159 4028 235 4083 nata
251 4015 339 4082 Iovis
357 4016 445 4082 texit.
488 4037 571 4081 neve
587 4015 648 4080 hoc
664 4014 795 4100 impune
812 4016 934 4093 fuisset,

161 4100 369 4193 Gorgoneum
386 4102 506 4172 crinem
522 4111 630 4190 turpes
646 4100 783 4171 mutavit
797 4101 832 4173 in
847 4098 985 4191 hydrcs’
