2800 4500
259 259 323 329 104
588 273 623 329 Ρ.
641 272 767 331 OVIDII
782 270 946 331 NASONIS

259 398 311 463 cui
328 397 370 463 sis
388 406 500 483 nupta,
517 395 605 472 vide,
623 396 790 462 Pandione
806 406 896 473 nata,
913 394 1037 461 marito.

191 504 241 555 665
259 483 446 569 degeneras:
465 483 567 548 scelus
585 493 633 548 est
649 482 751 568 pietas
768 481 802 546 in
819 481 954 567 coniuge
971 478 1095 547 Tereo?

98 578 100 583 “
258 591 318 635 neo
335 591 439 634 morat
457 567 553 633 traxit
569 567 658 653 Ityn,
676 566 775 633 veluti
793 563 972 653 Gangetica
990 588 1102 633 cervas

147 686 149 689 ’
258 656 427 721 lactentem
444 653 546 719 fetum
562 676 620 739 per
636 653 733 717 silvas
750 651 839 739 tigris
857 674 983 738 opacas.

258 751 357 825 utque
374 740 488 805 domus
505 739 587 805 altae
604 749 728 823 partem
745 749 874 804 tenuere
891 748 1055 814 remotam,

259 826 503 909 tendentemque
520 846 634 889 manus
652 835 684 888 et
699 824 765 888 iam
782 846 840 889 sua
857 822 924 889 fata
940 823 1101 889 videntem

191 935 242 983 640
259 922 292 977 et
308 919 432 989 ‘maten
449 910 564 975 mater’
583 909 772 975 clamantem
789 919 821 975 et
838 910 919 974 oolla
936 919 1096 994 petentem

259 1020 335 1065 ense
351 997 425 1063 ferit
440 995 583 1081 Progne,
600 994 691 1061 lateri
709 1015 773 1078 qua
790 1006 901 1079 pectus
917 993 1077 1071 adhaeret,

258 1104 318 1149 nec
334 1083 458 1147 vultum
475 1080 579 1147 vertit.
623 1080 699 1145 satis
716 1080 762 1144 illi
779 1080 905 1145 adfata
923 1080 973 1145 vel
991 1102 1091 1145 unum

258 1168 374 1234 vulnus
392 1178 472 1232 erat:
490 1166 636 1252 iugulum
653 1165 737 1231 ferro
754 1164 934 1231 Philomela
949 1165 1087 1241 resolvit,

175 1310 178 1313 ,
259 1254 395 1337 vivaque
412 1252 517 1317 adhuc
534 1251 722 1334 animaeque
738 1250 858 1334 aliquid
874 1250 1042 1317 retinentia
1058 1250 1202 1317 membra
1268 1269 1271 1273 ’

192 1360 242 1411 ess
260 1339 422 1403 dilaniant
465 1360 539 1422 pars
556 1336 631 1404 inde
648 1337 735 1402 cavis
753 1336 873 1402 exrdtat
890 1337 988 1415 adluis,

282 1448 333 1489 ars
350 1423 478 1489 veribus
495 1422 646 1499 stridunt3
663 1432 794 1487 manant
833 1420 984 1487 enetralia
1001 1422 1086 1487 tabe.

259 1448 309 1576 his
326 1507 457 1574 adhibet
473 1507 611 1573 coniunx
627 1507 775 1592 ignarum
823 1530 896 1573 erea
912 1507 1040 1586 mensis,

260 1605 293 1661 et
307 1594 401 1681 patrii
417 1593 513 1659 moris
531 1615 658 1658 sacrum
674 1592 821 1668 mentita,
839 1592 924 1675 quod
941 1592 998 1657 uni

202 1679 209 1692 ’
259 1680 309 1746 fas
326 1680 368 1745 sit
385 1679 472 1745 adire
489 1678 568 1756 viro,
585 1677 715 1743 comites
732 1677 934 1761 famulosque
949 1677 1094 1744 removit.

192 1766 327 1852 6501060
345 1765 458 1831 sedens
476 1763 554 1829 solio
572 1763 694 1828 Tereus
712 1762 856 1828 sublimis
873 1763 958 1828 avito
1004 1804 1007 1808 Δ

260 1850 397 1917 vescitur
413 1850 511 1934 inque
527 1872 620 1914 suam
636 1871 696 1914 sua
712 1848 835 1915 viscera
851 1848 994 1935 congerit
1010 1850 1128 1914 alvum.

260 1948 412 2020 tantaque
429 1957 493 2000 nox
511 1935 608 1999 animi
625 1945 687 2000 est:
706 1934 796 2020 ‘Ityn
813 1934 876 1999 huc
890 1934 1058 2001 ,accersite'
1076 1933 1167 2000 dixit.

260 2021 458 2087 dissimulare
474 2020 585 2104 nequit
603 2020 744 2086 crudelia
760 2019 879 2107 gaudia
894 2019 1039 2106 Progne:

259 2108 387 2191 iamque
405 2129 482 2172 suae
498 2106 630 2191 cupiens
647 2106 783 2171 existere
799 2106 912 2172 nuntia
929 2105 1027 2171 cladis

193 2214 241 2264 655
260 2193 358 2259 ‘intus
375 2191 485 2267 hahes,
502 2213 598 2277 quem
615 2191 733 2294 poscis’
752 2191 806 2258 ait,
849 2190 1062 2277 circumspicit
1078 2190 1142 2268 ille,

260 2292 355 2364 atque
372 2279 428 2344 ubi
446 2278 500 2356 sit,
518 2288 651 2362 quaerrt
693 2277 1209 2361 ι0000101111160100100000001111,

260 2366 342 2430 sicut
359 2374 426 2429 erat
442 2363 559 2449 sparsis
575 2362 682 2427 furiali
699 2362 797 2428 caede
814 2362 946 2448 capillis,

259 2449 404 2536 prosiluit
420 2449 565 2534 Ityisque
582 2460 679 2532 caput
694 2446 874 2513 Philomela
890 2458 1056 2514 cruentum

260 2534 345 2599 misit
361 2535 395 2599 in
412 2556 468 2598 ora
484 2533 592 2619 patris.
634 2554 695 2597 nec
712 2543 853 2618 tempore
871 2533 981 2598 maluit
999 2534 1064 2599 ullo

193 2641 244 2690 660
284 2641 354 2686 0660
369 2618 458 2702 loqui
475 2631 507 2684 et
523 2616 638 2683 mentis
654 2617 764 2682 testari
780 2617 899 2703 gaudia
916 2618 1017 2684 dictis.

259 2643 416 2769 llhracius
432 2704 554 2790 ingenti
570 2725 696 2769 mensas
715 2703 851 2769 clamore
868 2704 992 2789 repellit

259 2789 465 2876 vipereasque
482 2789 544 2855 ciet
562 2787 677 2875 Stygia
694 2788 734 2854 de
751 2788 833 2853 valle
851 2810 973 2855 sorores
978 2814 988 2868 ;

260 2886 292 2941 et
308 2875 418 2951 modo,
436 2875 463 2939 si
480 2874 594 2960 possit,
611 2884 750 2940 reserato
767 2885 894 2959 pectore
911 2874 996 2940 diras

260 2983 389 3047 egerere
405 2960 480 3026 inde
497 2960 595 3045 dapes
620 2959 827 3042 inmersaque
839 2961 961 3025 viscera
978 2960 1088 3045 gestit:

191 3067 241 3118 aas
258 3047 313 3112 flet
330 3046 425 3110 modo
442 3067 540 3129 seque
557 3058 651 3109 vocat
667 3044 797 3109 bustum
814 3044 992 3111 miserabile
1009 3045 1089 3111 natir

258 3153 345 3196 nunc
362 3131 503 3216 sequitur
519 3130 606 3195 nudo
619 3130 748 3215 genitas
765 3129 930 3195 Pandione
947 3131 1042 3196 ferro.

259 3238 392 3302 corpora
409 3213 624 3301 Cecropidum
641 3215 754 3301 pennis
771 3215 909 3299 pendere
926 3227 1067 3301 putares:

258 3302 439 3388 pendebant
454 3300 576 3387 pennis.
619 3321 756 3383 quarum
771 3299 851 3385 petit
867 3301 967 3366 altera
984 3301 1094 3380 silvas3

259 3388 358 3454 altera
375 3397 458 3452 teota
475 3386 573 3460 subit,
591 3405 695 3468 neque
714 3384 819 3449 adhuc
836 3385 876 3451 de
893 3397 1021 3471 pectore
1038 3387 1144 3452 caedis

191 3494 241 3544 010
259 3494 422 3538 excessere
438 3483 547 3549 notae,
566 3470 754 3556 signataque
772 3471 926 3571 sanguine
943 3473 1052 3557 pluma
1069 3484 1126 3538 est.

258 3558 311 3623 1110
329 3558 436 3622 (101010
454 3579 512 3622 600
530 3577 716 3641 poenaeque
734 3555 882 3641 cupidme
899 3559 992 3622 velox

258 3643 391 3708 vertitur
406 3644 440 3707 in
457 3642 632 3718 volucrem,
650 3641 702 3706 cui
720 3652 805 3706 stant
821 3640 855 3706 in
872 3643 990 3708 vertice
1007 3643 1131 3719 cristae,

281 3728 416 3793 rominet
431 3727 636 3791 immodicum
654 3727 829 3813 praelonga
843 3728 975 3813 cuspide
991 3739 1139 3793 rostrum.

258 3750 390 3898 1110111011
408 3834 506 3897 epops
524 3811 660 3888 volucri3
678 3812 777 3878 facies
795 3824 916 3877 armata
934 3810 1082 3898 videtur.]

191 3918 240 3967 6⁷5
300 3895 365 3961 Hic
382 3895 471 3960 dolor
488 3897 659 3963 antediem
676 3897 855 3983 longaeque
872 3909 1014 3964 extrema
1031 3909 1175 3968 senectae
1203 3900 1264 3983 orf-

258 3992 401 4065 tempcra
417 3980 585 4048 Tartareas
602 3982 771 4047 Pandiona
787 3982 871 4048 misit
888 3983 929 4048 ad
946 3984 1084 4049 umbras.
1193 3970 1270 4039 ‘lym-

258 4076 383 4150 sceptra
398 4065 460 4129 loci
476 4088 645 4151 rerumque
663 4067 748 4154 capit
764 4068 968 4168 moderamen
984 4067 1193 4145 Erechtheus,

256 4149 376 4219 iustitia
393 4150 525 4219 dubium
542 4153 695 4222 validisne
712 4153 869 4242 potentior
885 4176 991 4224 0111116.
