2800 4500
293 263 660 325 uerrucarnosnou
676 262 750 322 nm.
769 218 849 325 vm.
866 265 1012 324 era-450.
1101 249 1164 320 135

142 389 291 457 fortibus:
309 393 442 457 Ancaeo
459 391 567 457 nocuit
583 391 752 458 temeraria
768 389 889 456 virtus!

143 477 236 552 dixit,
255 488 287 542 et
303 490 410 543 aerata
427 477 517 542 torsit
532 500 632 564 grave
650 477 781 562 cuspide
798 498 945 544 cornumt

142 563 296 646 quohene
312 562 426 629 librato
443 563 573 646 votique
589 573 718 648 potente
736 562 843 627 futuro

142 647 263 713 obstitit
281 649 426 714 aesculea
443 649 612 713 frondosus
630 647 671 712 ab
688 648 801 713 arbore
818 670 935 712 ramus.
1060 662 1063 666 “
1182 667 1234 719 410

142 732 227 798 misit
241 743 276 799 et
293 733 471 799 Aesonides
488 734 642 809 iaculum,
660 733 747 817 quod
765 754 857 798 casus
875 733 916 797 ah
933 732 988 797 illo

141 818 237 884 vertit
252 818 286 883 in
303 818 453 884 immeriti
470 819 572 886 fatum
590 819 746 895 latrantis,
764 830 796 884 et
812 818 895 884 inter

141 902 197 968 ilia
214 903 391 970 coniectum
407 904 519 969 tellure
536 926 593 989 per
608 904 663 969 ilia
679 903 780 968 fixum
791 915 855 970 est.

143 1000 176 1054 at
192 1012 305 1054 manus
323 985 469 1055 Oenidae
485 990 601 1053 variat:
619 989 787 1075 missisque
804 989 939 1067 duabus,

142 1072 235 1158 hasta
250 1075 337 1161 prior
353 1086 451 1153 terra,
468 1074 574 1140 medio
591 1076 678 1139 stetit
696 1076 794 1141 altera
812 1086 912 1161 tergo.

142 1182 202 1226 nec
219 1182 323 1225 mora:
340 1160 418 1225 dum
435 1159 550 1235 saevit,
567 1159 644 1225 dum
662 1181 795 1246 corpora
811 1173 918 1226 versat
934 1160 968 1225 in
984 1160 1095 1225 orbem

142 1245 390 1329 stridentemque
407 1265 490 1310 novo
508 1267 654 1330 spumam
671 1267 744 1311 cum
761 1245 915 1331 sanguine
932 1246 1047 1324 fundit,

142 1330 282 1396 vulneris
300 1341 410 1396 auctor
427 1330 517 1395 adest
534 1331 721 1415 hostemque
736 1331 840 1396 irritat
857 1332 899 1396 ad
915 1331 996 1395 iram

143 1415 372 1502 splendidaque
388 1415 538 1482 adversos
555 1416 714 1482 venabula
731 1416 838 1481 condit
854 1416 888 1481 in
906 1439 1021 1483 armos.
1093 1434 1096 1445 ⁴

142 1501 261 1588 gaudia
278 1511 433 1567 testantur
449 1501 526 1567 socii
544 1503 681 1567 clamore
698 1502 839 1568 secundo
1085 1500 1090 1511 ’

142 1587 367 1671 victricemque
384 1598 497 1674 petunt
514 1586 644 1652 dextrae
661 1587 854 1674 coniungere
872 1588 1017 1653 dextram
1022 1612 1033 1667 ς

143 1670 378 1756 immanemque
395 1672 498 1737 ferum
516 1674 618 1738 multa
634 1672 747 1739 tellure
764 1670 919 1738 iacentem

142 1757 292 1823 mirantes
309 1768 468 1843 spectant,
485 1780 590 1842 neque
608 1758 714 1823 adhuc
730 1759 913 1844 contingere
930 1770 1035 1824 tutum

143 1865 212 1908 esse
228 1853 356 1929 putant:
375 1843 431 1908 sed
448 1843 513 1909 tela
529 1853 636 1908 tamen
654 1866 713 1908 sua
730 1843 863 1927 quisque
881 1853 1034 1910 cruentat.

142 1928 211 2014 ipse
228 1928 310 2015 pede
327 1926 474 2013 imposito
492 1938 588 2013 caput
605 1927 766 1993 exitiabile
784 1928 908 2014 pressit,

143 2025 239 2097 atque
255 2013 301 2078 ita
318 2019 421 2078 ‘sume
438 2012 502 2077 mei
518 2012 669 2097 spolium,
686 2012 861 2090 Nonacria,
879 2014 969 2078 iuria’

68 2095 81 2120 ⁶
143 2097 224 2163 dixit
241 2105 288 2163 ‘et
304 2098 337 2162 in
354 2108 477 2184 partem
494 2097 601 2161 veniat
617 2120 689 2163 mea
706 2098 808 2182 gloria
825 2098 952 2164 tecum?

127 2248 129 2253 ,
144 2182 287 2269 protinus
305 2183 436 2248 exuvias
453 2182 563 2269 rigidis
580 2182 740 2248 horrentia
757 2184 852 2250 saetis

143 2280 235 2354 terga
253 2269 307 2334 dat
324 2278 356 2334 et
371 2268 496 2354 magnis
513 2267 651 2354 insignia
667 2269 815 2334 dentibus
833 2292 898 2335 ora.

143 2352 190 2418 illi
206 2353 344 2419 laetitiae
361 2365 408 2420 est
427 2375 500 2419 cum
516 2376 648 2420 munere
664 2353 805 2421 muneris
822 2368 946 2424 auctor:

143 2438 285 2505 invidere
303 2436 370 2516 alii,
389 2450 519 2523 totoque
536 2452 605 2505 erat
622 2440 749 2525 agmine
766 2463 919 2508 murmur.

143 2547 162 2590 o
180 2524 296 2608 quibus
313 2524 434 2611 ingenti
452 2524 616 2590 tendentes
634 2525 783 2591 bracchia
799 2548 878 2593 voce

143 2616 153 2648 ‘
181 2632 255 2686 one,
273 2632 348 2696 age,
366 2631 425 2676 neo
442 2609 548 2675 titulos
565 2611 676 2676 interci
700 2634 733 2687 e,
750 2612 885 2689 femina,
902 2613 1048 2690 nostros,'

173 2695 336 2761 hestiadne
353 2695 490 2761 clamant
508 2703 582 2761 ‘nec
599 2706 631 2761 te
647 2633 765 2761 firlucia
781 2697 903 2763 formae

143 2779 295 2867 decipiat,
311 2803 353 2846 ne
377 2780 418 2844 sit
442 2780 538 2866 longe
562 2780 622 2845 tibi
639 2792 751 2867 captus
769 2805 877 2848 amoro

144 2865 267 2931 auctor’
285 2876 317 2933 et
333 2864 408 2931 huic
426 2866 570 2931 adimunt
585 2888 717 2943 munus,
734 2866 784 2932 ius
801 2869 941 2934 muneris
958 2869 1013 2934 illi.

143 2971 207 3015 non
226 2950 310 3028 tulit,
328 2962 360 3016 et
377 2951 500 3016 tumida
517 2951 666 3017 frendens
683 2952 864 3017 Mavortius
881 2953 930 3020 ira

144 3034 284 3112 ‘discite;
301 3046 442 3123 raptores
460 3037 568 3102 alieni’
586 3036 666 3101 dixit
683 3036 836 3115 ‘honoria

143 3118 229 3184 facta
245 3119 339 3185 minis
355 3132 510 3204 quantum
526 3121 663 3200 distent,'
679 3122 850 3209 hausitque
866 3125 1006 3190 nefando

167 3216 273 3270 ectora
289 3204 381 3271 Plexi
405 3206 452 3292 pi,
469 3206 515 3271 nil
532 3208 595 3272 tale
612 3208 768 3285 timentia,
786 3210 881 3275 ferro.

142 3226 269 3367 loxea,
287 3290 364 3374 quid
380 3229 492 3369 liciat,
510 3291 658 3370 dubium,
676 3294 856 3379 pariterque
873 3297 1031 3361 volentem

144 3374 255 3439 ulcisci
273 3374 402 3440 fratrem
418 3376 621 3461 fraternaque
638 3378 706 3443 fata
723 3378 885 3446 timentem

142 3458 230 3524 haud
246 3460 365 3546 patitur
380 3460 525 3528 dubitare
542 3463 612 3540 diu,
630 3464 831 3549 calidumque
848 3466 946 3551 priori

143 3544 242 3610 caede
259 3545 420 3611 recalfecit
436 3549 574 3613 consorti
591 3550 747 3635 sunguine
765 3552 872 3616 telum.

185 3629 282 3694 Dona
300 3630 395 3695 deum
412 3632 551 3719 templis,
568 3646 643 3699 nato
660 3635 794 3712 victore,
811 3635 945 3713 ferebat,
1116 3653 1235 3708 Althaea.

143 3736 216 3781 cum
234 3714 321 3781 videt
338 3715 493 3782 extinctos
510 3718 624 3785 fratres
641 3718 782 3785 Althaea
798 3720 920 3786 referri.
1184 3744 1235 3791 446

143 3822 225 3884 quae
242 3802 395 3888 plangore
413 3802 488 3868 dato
505 3803 633 3869 maestis
651 3805 842 3870 clamoribus
860 3805 974 3872 urbem

142 3885 254 3970 implet
271 3897 303 3952 et
320 3887 438 3953 auratis
456 3889 591 3954 mutavit
607 3890 749 3955 vestibus
766 3901 861 3956 atras.

144 3983 176 4035 at
196 3971 290 4037 simul
307 3983 355 4037 est
372 3984 483 4039 auctor
498 3974 585 4039 necis
603 3974 722 4050 editus,
740 3975 856 4040 excidit
873 3975 976 4042 omnis

143 4056 262 4134 luctus,
280 4068 312 4123 et
328 4080 349 4122 a
364 4057 503 4125 lacrimis
519 4058 554 4124 in
570 4081 692 4148 poenae
709 4082 820 4126 versus
836 4084 976 4131 amorem
994 4074 1051 4129 est
1183 4082 1235 4132 450
