2800 4500
240 266 304 338 152
415 280 452 289 ”
573 284 607 343 Ρ.
626 285 751 346 OVIDII
768 284 932 344 NASONIS

171 429 221 482 2⁷5
239 408 408 476 exercebat
424 420 525 476 atrox.
568 419 602 475 at
618 408 723 496 longis
740 410 835 475 anxia
852 408 936 475 euris

238 495 370 581 Argohs
386 495 558 574 Alcmene,
576 506 707 580 questus
724 493 780 559 ubi
796 505 895 645 ponat
911 495 1021 574 aniles,

239 580 292 646 cui
307 580 425 647 referat
440 580 507 645 nati
524 591 654 646 testatos
672 579 749 646 orbe
766 580 798 644 la
820 602 890 646 ores

239 666 331 731 cuive
348 687 422 730 suos
440 687 547 743 casus,
564 666 655 731 Iolen
671 665 778 732 habet.
821 665 970 731 Herculis
987 666 1074 733 illam

168 786 170 797 =
237 750 377 837 imperiis
394 751 597 836 thalamoque
614 750 783 835 animoque
800 763 962 837 receperat
979 752 1107 837 Hyllus,

171 854 222 905 aso
239 836 384 937 implerat
406 858 447 901 ue
463 846 589 902 uterum
606 858 760 922 generoso
778 836 908 902 semiue.
951 837 1001 901 cui
1019 836 1064 900 sic

238 921 349 1007 incrpit
412 943 536 988 omenes
554 922 697 988 ‘faveant
714 920 773 986 tihi
788 921 919 987 numina
936 922 1046 987 saltem

239 1007 472 1093 corripiantque
488 1024 608 1085 moras,
627 1018 696 1071 tum
714 1029 787 1072 cum
803 1017 928 1073 matura
944 1006 1075 1073 vocabis

127 1100 142 1120 “
238 1092 452 1178 praepositam
469 1092 586 1158 timidis
604 1091 800 1180 parientibus
817 1092 989 1178 Ilithyiam.

164 1206 168 1221 ¹
238 1198 336 1262 quam
352 1177 430 1242 mihi
448 1178 609 1244 difficilem
626 1177 758 1243 Iunonis
775 1178 878 1264 gratia
894 1178 980 1243 fecit.

171 1281 221 1332 285
239 1284 377 1347 namque
394 1262 556 1329 laboriferi
573 1263 728 1329 onmium
745 1263 858 1329 natalis
875 1264 1011 1329 adesset>

238 1348 386 1414 Herculis
404 1359 436 1414 et
453 1348 611 1415 decimum
627 1359 824 1434 premeretur
840 1348 942 1414 sidere
959 1348 985 1414 si
1031 1371 1097 1426 um,

237 1433 388 1499 tendebat
403 1434 544 1520 gravitas
561 1444 688 1499 uterum
704 1433 796 1511 mihi3
814 1434 964 1518 quodque
995 1433 1133 1512 erebam,

238 1529 362 1584 tantum
379 1530 461 1598 erat,
477 1530 515 1584 ut
531 1541 640 1605 posses
657 1530 819 1585 auctorem
836 1519 940 1586 dicere
957 1519 1032 1586 tecti
1097 1576 1100 1583 ,

165 1644 168 1655 ,
238 1604 386 1691 ponderis
403 1627 473 1671 esse
489 1605 610 1671 Iovem.
653 1625 715 1671 nec
730 1605 795 1670 iam
811 1605 945 1671 tolerare
961 1605 1086 1671 labores

171 1706 222 1759 290
238 1689 370 1755 ulterius
387 1701 544 1777 poteram3
554 1692 725 1775 quinnunc
737 1711 864 1776 quoque
881 1689 1017 1776 frigidus
1035 1701 1132 1768 artus,

238 1776 315 1840 dum
331 1775 455 1861 loquor,
472 1776 583 1842 horror
599 1775 706 1853 habet,
723 1797 862 1862 parsque
874 1787 923 1841 est
938 1776 1119 1842 meminisse
1133 1776 1260 1844 doloris.

238 1871 360 1947 septem
377 1883 438 1963 ego
455 1884 513 1948 per
529 1872 652 1937 noctes,
669 1861 802 1927 totidem
818 1861 959 1926 cruciata
975 1860 1099 1939 diebus,

237 1946 323 2012 fessa
338 1948 445 2024 mahs,
463 1948 657 2032 tendensque
675 1947 717 2011 ad
734 1947 858 2013 caelum
875 1946 1037 2024 bracchia,
1054 1969 1172 2035 magno
1256 2028 1259 2033 ⁶

164 2060 168 2079 ι
237 2030 396 2098 Lucinam
413 2032 579 2117 Nixosque
595 2055 687 2119 pares
706 2033 842 2099 clamore
860 2032 1024 2098 vocabam.

170 2134 219 2185 295
237 2117 292 2183 illa
309 2117 437 2203 quidem
455 2118 556 2197 venit,
574 2118 630 2184 sed
647 2128 886 2204 praecorrupta,
902 2139 1072 2203 meumque

238 2223 320 2288 quae
338 2204 456 2272 donare
473 2226 511 2270 ca
533 2214 570 2269 ut
585 2204 702 2270 Iunoni
719 2204 814 2270 vellet
830 2203 967 2288 iniquae.

237 2300 336 2374 utque
351 2311 440 2356 meos
457 2312 499 2355 au
522 2289 545 2355 ‘t
562 2290 715 2376 gemitus,
733 2290 875 2356 subsedit
891 2291 925 2354 in
941 2290 996 2355 illa

238 2386 313 2442 ante
330 2375 414 2442 fores
432 2398 500 2453 ara,
518 2376 693 2459 dextroque
711 2399 730 2440 a
746 2375 866 2461 poplite
882 2375 1010 2441 laevum

164 2499 167 2506 ,
237 2483 347 2546 pressa
362 2483 463 2546 genu,
481 2461 588 2547 digitis
604 2461 687 2525 inter
704 2483 738 2526 se
755 2460 880 2545 pectine
896 2460 1021 2536 iunctis,

169 2563 220 2613 800
236 2545 385 2611 sustinuit
401 2557 520 2631 partus.
564 2546 658 2612 tacita
675 2567 802 2629 quoque
820 2545 960 2611 carmina
975 2566 1054 2611 voce

237 2630 330 2707 dixit,
348 2641 381 2697 et
397 2632 539 2718 inceptos
557 2642 726 2697 tenuerunt
743 2631 882 2696 carmina
899 2641 1019 2719 partus.

236 2717 329 2793 nitor,
343 2727 374 2782 et
390 2715 515 2802 ingrato
532 2716 615 2782 facio
632 2716 776 2783 convicia
793 2717 923 2784 demens

236 2825 320 2868 vana
335 2801 406 2867 Iovi
423 2802 579 2890 cupioque
596 2802 690 2882 mori,
707 2813 895 2887 moturaque
912 2804 1008 2869 duros

162 2921 165 2932 .
235 2887 334 2954 verba
351 2909 466 2972 queror
481 2888 594 2954 silices.
636 2899 754 2955 matres
772 2886 962 2956 Cadmeides
979 2889 1096 2955 adsunt

101 3025 107 3038 .
168 2993 218 3043 ooo
235 2984 373 3058 votaque
390 2973 565 3059 srucipiunt
582 2974 850 3058 exhortanturque
868 2974 1034 3040 dolentem.

235 3083 300 3124 una
316 3058 530 3127 ministrarum
546 3060 651 3125 media
668 3059 709 3125 de
747 3060 819 3126 lehe
837 3057 1015 3136 Galanthis‚

235 3146 319 3210 flava
336 3165 456 3222 comas,
474 3144 597 3223 aderat,
614 3082 768 3210 faciendis
786 3156 914 3211 strenua
929 3145 1032 3224 iussis,

235 3230 348 3296 officiis
366 3229 480 3295 dilecta
497 3230 577 3308 suis3
595 3253 634 3297 ea
650 3231 750 3295 sensit
767 3230 876 3315 iniqua

164 3353 168 3368 ι
234 3315 342 3382 nescio
358 3316 436 3399 quid
453 3317 576 3382 Iunone
592 3316 671 3402 geri.
715 3316 856 3400 dumque
873 3315 939 3381 exit
956 3326 988 3382 et
1003 3316 1099 3383 intrat

168 3419 218 3469 810
235 3424 330 3489 saepe
347 3401 447 3478 fores,
465 3402 572 3466 divam
589 3402 779 3467 residentem
795 3401 876 3466 vidit
891 3402 924 3466 in
942 3425 998 3467 ara

234 3486 445 3572 bracchiaque
461 3488 495 3551 in
512 3487 648 3573 genibus
665 3486 773 3573 digitis
791 3508 912 3553 conexa
928 3497 1098 3565 tenentem,

235 3583 267 3638 et
284 3580 517 3657 ‘quaecumque
534 3572 588 3649 es‚’
606 3572 652 3638 ait
668 3571 829 3637 ‘dominae
845 3584 984 3658 gratare:
1005 3574 1110 3639 levata
1127 3585 1176 3640 est

233 3658 365 3806 Axildis
381 3658 552 3735 Alcmene,
569 3658 752 3745 potiturque
769 3679 925 3743 puerpera
941 3659 1035 3725 voto?

235 3765 252 3807 e
276 3742 284 3757 ‘
299 3740 345 3806 uit
362 3742 548 3827 iunctasque
565 3766 678 3808 manus
718 3742 862 3808 arefacta
878 3744 998 3809 remisit

167 3845 217 3895 815
236 3827 310 3890 diva
326 3837 438 3911 potens
455 3828 550 3893 uteri:
568 3765 717 3895 vinclisl

234 3910 364 3976 numine
381 3911 514 3997 decepto
530 3913 637 3980 risisse
655 3912 850 3980 Galanthida
866 3914 952 3979 fama
968 3926 1026 3980 est.

163 3999 165 4006 '
234 3994 390 4061 ridentem
406 4018 616 4083 prensamque
633 3999 710 4085 ipsis
728 3998 788 4065 dea
805 4022 900 4066 saeva
917 3999 1038 4085 capillis

235 4079 345 4157 traxit,
362 4090 393 4146 et
410 4102 429 4148 e
445 4091 529 4149 terra
545 4104 659 4171 corpus
676 4084 818 4153 relevare
834 4084 992 4152 volentem

711 3850 787 3893 evor
802 3828 873 3914 ipsa
889 3829 1038 3894 remissis.
