2800 4500
223 249 299 330 f220
362 312 367 323 ,
568 276 602 332 r.
622 274 747 334 ov1n11
765 275 929 334 unsours
999 277 1001 280 ·
1086 263 1090 269 '

165 405 214 457 005
234 397 396 486 [postulat
414 409 449 462 ut
466 398 580 483 capiat,
597 416 681 483 quae
696 420 762 464 non
777 398 940 486 intellegit,
957 400 1075 488 armat]
1094 438 1138 453 -

234 483 312 569 quid
329 485 416 569 quod
432 508 498 563 me,
517 487 588 552 duri
605 487 781 573 fugientem
798 512 931 556 munera
947 490 1034 569 belli,

234 569 340 656 arguit
356 569 482 658 incepto
500 595 606 638 serum
624 573 794 640 accessisse
811 573 924 652 labori,

233 677 294 720 nec
311 677 346 720 se
362 657 567 742 magnanimo
585 659 773 725 maledicere
790 661 885 725 sentit
901 660 1040 728 Achilli?

153 770 157 791 ‹
234 740 262 805 si
279 740 443 807 simulasse
461 754 553 808 vocat
570 743 703 809 crimen:
722 744 939 811 simulavimus
957 748 1062 814 ambo.

166 842 217 894 000
234 824 262 890 si
279 847 368 891 mora
406 848 442 890 ro
460 828 555 913 eulpa
572 840 634 894 est:
653 850 715 916 ego
732 853 804 895 sum
820 833 972 897 maturior
988 833 1053 899 illo.

232 933 285 976 me
302 911 356 996 pia
395 912 507 978 etinuit
524 914 677 992 coniunx,
695 914 749 1001 pia
766 927 867 981 mater
884 917 1058 985 Achillem:

232 996 398 1145 primaque
415 1009 490 1063 sunt
506 998 567 1065 illis
585 999 660 1065 data
677 1012 833 1087 tempora,
851 1014 956 1068 cetera
972 1003 1074 1070 vobis.

256 1082 320 1147 aud
337 1083 443 1159 timeo,
461 1083 489 1148 si
505 1084 569 1149 iam
586 1107 744 1169 nequeam
761 1086 1068 1166 defendere,crimen

152 1185 156 1219 <
234 1188 308 1232 cum
325 1177 413 1233 tanto
431 1190 597 1236 commune
615 1173 692 1236 viro.
737 1172 911 1258 deprensus
928 1173 1035 1240 Ulixis

165 1271 215 1323 005
232 1252 361 1339 ingenio
378 1265 486 1319 tamen
502 1256 569 1321 ille:
587 1267 620 1322 at
636 1278 701 1323 nou
718 1257 829 1323 Aiacis
846 1258 970 1324 Ulixes.
986 1294 1032 1308 -

231 1361 313 1404 neve
330 1338 363 1402 in
380 1361 433 1407 me
450 1341 584 1407 stolidae
601 1342 745 1408 convicia
761 1342 895 1411 fundere
911 1345 1041 1431 linguas

233 1423 425 1489 admiremur
442 1446 530 1504 eum,
548 1427 639 1492 vobis
656 1449 784 1513 quoque
802 1428 899 1514 digna
915 1431 1037 1516 pudore

233 1508 341 1574 obicit.
385 1533 427 1574 an
444 1510 525 1576 falso
542 1511 739 1580 Palameden
757 1515 887 1580 crimine
904 1526 997 1600 turpe
1014 1527 1064 1583 est

151 1625 155 1645 ι
234 1616 401 1660 accusasse
418 1596 510 1674 mihi,
528 1598 619 1663 vobis
638 1598 804 1664 damnasse
822 1600 990 1665 decorum?

166 1700 216 1750 010
236 1680 293 1745 sed
310 1702 414 1764 neque
431 1681 627 1768 Naupliades
644 1682 768 1750 facinus
785 1684 956 1752 defendere
973 1697 1097 1764 tanturn

233 1775 362 1867 tamque
378 1775 491 1852 patens
508 1768 622 1846 valuit,
640 1791 701 1835 nec
717 1791 774 1834 vos
792 1770 923 1836 audistis
940 1771 974 1836 in
990 1773 1045 1838 illo
1194 1850 1196 1853 v

233 1850 378 1916 crimrnae
396 1851 532 1930 vidistis,
549 1862 739 1938 praestoque
756 1852 881 1918 obiecta
897 1854 1060 1938 patebant.
1079 1892 1121 1903 —

232 1957 292 2002 nec
308 1935 528 2003 Poeantiaden
545 1938 632 2023 quod
647 1939 745 2004 habet
762 1939 918 2006 Volcania
934 1938 1087 2019 Lemnos,

151 2049 154 2073 ¹
233 2043 304 2087 esse
320 2044 394 2088 reus
411 2023 523 2088 merui.
566 2024 688 2090 factum
705 2023 866 2090 defendite
883 2041 1038 2090 vestrum:
1175 2034 1178 2037 ’

166 2128 215 2178 010
234 2107 435 2173 consensistis
453 2109 548 2174 enim.
591 2132 651 2175 nec
667 2132 720 2175 me
737 2110 875 2176 suasisse
891 2110 1028 2196 negabo,

233 2205 270 2260 ut
287 2216 321 2260 se
339 2193 539 2260 subtraheret
555 2194 694 2279 bellique
712 2196 846 2279 viaeque
862 2196 965 2261 labori

233 2290 466 2365 temptaretque
482 2279 567 2346 feros
583 2282 693 2366 requie
708 2281 808 2347 lenire
817 2281 952 2348 dolores.

233 2365 354 2450 paruit,
373 2375 405 2431 01
421 2365 509 2430 01011.
552 2387 617 2431 000
633 2368 715 2432 haec
731 2365 887 2432 sententia
903 2377 1027 2433 tantum

149 2481 153 2502 ⁴
233 2450 312 2526 fida,
330 2451 387 2516 sed
404 2461 436 2516 et
452 2450 544 2528 felix,
562 2473 635 2515 cum
653 2451 695 2516 sit
711 2451 787 2516 satis
805 2474 874 2517 esse
891 2451 1027 2518 fidelem.

166 2555 217 2606 000
234 2557 330 2620 quem
347 2536 497 2620 quoniam
515 2546 604 2600 vates
623 2536 758 2601 delenda
775 2536 816 2600 ad
832 2536 993 2623 Pergama
1009 2549 1155 2624 poscunt,

233 2644 275 2687 ne
292 2620 440 2686 mandate
458 2621 549 2685 mihi:
567 2621 680 2687 melius
698 2621 903 2687 Telamonius
919 2623 978 2687 ibit

234 2705 423 2790 eloquioque
440 2706 544 2771 virum
560 2707 743 2792 morbisque
759 2707 870 2790 iraque
886 2708 1045 2775 furentem

233 2791 366 2869 molliet,
384 2803 439 2857 aut
457 2791 563 2875 aliqua
579 2792 734 2878 producet
751 2793 885 2859 callidus
903 2805 1027 2860 arte...

148 2897 151 2918 ¹
234 2889 307 2943 ante
326 2889 408 2943 retro
426 2876 543 2944 Simois
560 2878 638 2943 fluet
655 2888 687 2944 et
705 2878 773 2945 sine
789 2879 956 2944 frondibus
973 2880 1032 2945 Ide

166 2983 215 3034 000
234 2962 343 3039 stabit,
362 2973 394 3027 et
410 2962 563 3028 auxilium
580 2962 743 3050 promittet
759 2964 885 3030 Achaia
902 2965 1028 3041 Troiae,

233 3071 345 3132 quam,
363 3060 505 3114 cessante
521 3072 593 3115 meo
610 3071 668 3135 pro
685 3050 798 3115 vestris
815 3062 943 3136 pectore
959 3050 1066 3128 rebus,

232 3133 343 3198 Aiacis
360 3132 466 3199 stolidi
482 3132 606 3199 Danais
624 3135 762 3200 sollertia
778 3135 891 3220 prositl

233 3220 276 3284 sis
293 3218 368 3284 licet
384 3218 518 3285 infestus
534 3220 627 3285 sociis
644 3220 777 3305 regique
795 3220 946 3304 mihique,

233 3304 311 3370 dure
328 3303 506 3370 Philoctete
511 3329 521 3383 ;
538 3305 612 3371 licet
629 3326 776 3371 execrere
792 3326 962 3390 meumque

164 3408 215 3459 000
233 3390 391 3456 devoveas
408 3390 475 3456 sine
492 3390 555 3456 fine
573 3401 682 3476 caput,
701 3390 874 3475 cupiasque
892 3391 1011 3457 dolenti

232 3498 285 3541 me
302 3475 361 3541 tibi
377 3476 459 3541 forte
477 3474 546 3541 dari
562 3487 770 3559 nostrumque
787 3476 913 3543 haurire
931 3499 1089 3545 cruorem=

233 3573 265 3628 te
282 3571 389 3627 tamen
405 3560 589 3647 aggrediar3
606 3561 662 3626 fiet
678 3561 736 3626 tibi
753 3561 845 3646 copia
861 3562 976 3640 nostri3

233 3657 362 3730 tamque
380 3646 444 3712 tuis
460 3646 564 3732 potiar
579 3681 624 3694 —-
639 3646 747 3712 faveat
762 3647 906 3712 Fortuna
922 3683 967 3695 -
982 3647 1116 3734 sagittis,

147 3743 156 3788 0
233 3752 330 3813 quam
348 3753 419 3797 sum
436 3731 612 3810 Dardanio,
630 3753 727 3816 quem
745 3732 828 3817 cepi,
846 3743 919 3798 vate
935 3733 1069 3818 potitus3

165 3834 214 3885 005
234 3837 331 3898 quam
347 3838 500 3903 responsa
517 3816 613 3883 deum
629 3816 833 3899 Troianaque
849 3818 916 3881 fata
932 3819 1047 3896 retexi3

234 3921 331 3982 quam
347 3901 440 3986 rapui
456 3901 619 3988 Phrygiae
637 3901 763 3987 signum
781 3904 942 3987 penetrale
958 3903 1126 3971 Minervae

234 3982 377 4048 hostibus
395 4007 413 4051 e
430 3987 552 4052 mediis.
596 3998 628 4054 et
645 4010 679 4052 se
697 3986 775 4051 mihi
792 3989 934 4054 conferat
950 3989 1056 4053 Aiax?

234 4088 349 4155 nempe
367 4070 438 4157 capi
455 4070 585 4139 Troiam
601 4072 811 4162 prohibebant
828 4074 896 4141 fata
912 4073 981 4143 sine
997 4074 1062 4141 illo.
1079 4107 1123 4121 -
1240 4104 1242 4110 ’
