2800 4500
269 269 638 327 METAMORPHOSEON
653 269 728 325 LIB.
745 269 825 328 XIV.
843 271 989 327 aea-379.
1078 256 1144 322 243

119 395 299 482 praeposito
318 393 439 460 cunctis
457 392 614 460 Laurenti
630 394 747 459 tradita
763 393 843 459 Pico
861 405 923 459 est:
949 423 952 431 ’

119 504 191 546 rara
208 481 337 565 quidem
354 480 451 556 facie,
469 479 526 545 sed
542 479 643 544 rarior
659 491 727 544 arte
744 479 889 556 canendi,

120 566 205 632 unde
223 564 351 633 Canens
370 566 454 631 dicta
471 576 529 631 est.
572 565 668 630 silvas
686 582 719 630 et
736 587 814 629 saxa
829 586 958 630 movere

121 663 152 716 et
170 653 308 717 mulcere
325 652 409 717 feras
426 661 458 717 et
474 649 606 716 flumina
622 651 720 737 longa
735 651 855 716 morari

121 758 175 802 ore
192 758 251 801 suo
268 737 475 821 volucresque
493 759 592 822 vagas
609 736 745 802 retinere
762 735 892 802 solebat.

121 844 204 906 quae
221 823 298 887 dum
315 822 453 887 feminea
469 823 651 887 modulatur
667 821 808 886 carmina
824 842 914 898 voce,

121 907 241 973 exierat
257 918 341 979 tecto
358 906 536 973 Laurentes
553 907 652 972 Picus
669 906 703 971 in
721 929 825 992 agros,

121 992 285 1078 indigenas
302 993 423 1058 fixurus
441 1014 549 1077 apros,
566 1004 615 1058 ter
660 1014 755 1077 mque
772 991 938 1077 premebat

65 1141 70 1150 ,
121 1078 202 1144 acris
220 1078 295 1161 equi
311 1079 465 1161 laevaque
483 1015 701 1143 hastiliallina
718 1077 851 1154 ferebat,

121 1165 307 1252 poeniceam
330 1163 419 1228 fulvo
436 1163 636 1248 chlamydem
654 1173 833 1229 contractus
850 1163 892 1227 ab
910 1184 997 1228 auro.

121 1260 252 1315 venerat
268 1251 301 1312 in
318 1247 414 1314 silvas
431 1259 464 1313 et
480 1248 546 1313 filia
564 1246 648 1313 Solis
667 1248 804 1326 easdem,

121 1345 220 1418 utque
237 1355 336 1398 novas
353 1334 474 1418 legeret
490 1333 635 1399 fecundis
653 1333 787 1398 collibus
804 1332 929 1410 herbas,

122 1419 249 1485 nomine
267 1419 351 1484 dicta
368 1440 427 1484 suo
444 1415 578 1484 Circaea
595 1419 766 1501 reliquerat
783 1442 869 1484 arva.

122 1526 204 1589 quae
221 1505 315 1569 simul
333 1524 371 1568 ac
387 1503 535 1570 iuvenem
552 1504 697 1590 virgultis
715 1503 823 1570 abdita
840 1503 929 1581 vidit,

122 1589 284 1676 obstipuit
328 1589 469 1655 cecidere
486 1612 597 1667 manu,
615 1612 694 1674 quas
712 1591 843 1676 legerat,
850 1589 981 1656 herbaer

122 1676 311 1759 flammaque
329 1698 387 1761 per
403 1686 485 1741 totas
503 1675 571 1740 visa
588 1686 636 1741 est
653 1697 758 1741 errare
774 1675 942 1741 medullas.

121 1770 158 1825 ut
174 1759 312 1845 primum
330 1759 436 1826 valido
453 1771 591 1827 mentem
609 1761 738 1846 collegit
754 1759 796 1825 ab
814 1772 915 1837 aestu,

122 1845 200 1930 quid
217 1857 361 1932 cuperet,
379 1846 504 1911 fassura
521 1846 592 1911 fuit.
634 1868 675 1910 ne
692 1857 801 1932 posset
817 1845 915 1924 adire,

122 1951 233 1996 cursus
251 1931 326 2014 equi
342 1930 418 1997 lecit
435 1930 709 2014 circumfususque
727 1930 863 1996 satelles.

121 2016 257 2081 “‘non'’'
275 2016 320 2080 ait
336 2016 522 2101 “‘effugies,
539 2026 634 2081 vento
651 2014 775 2117 rapiare
791 2015 909 2093 licebit,

122 2101 149 2166 si
165 2101 261 2166 modo
278 2123 329 2166 me
346 2100 436 2180 novi,
454 2101 562 2166 sinon
579 2112 708 2166 evanurt
724 2101 827 2165 omnis

121 2186 293 2253 herbarum
310 2186 423 2265 virtus,
451 2189 478 2254 si
495 2210 560 2255 non
586 2208 658 2253 mea
675 2186 815 2254 carmina
832 2185 987 2252 fellonem

106 2273 216 2350 dixit,
234 2285 266 2340 et
283 2273 423 2359 effigiem
440 2274 528 2337 nullo
545 2293 619 2338 eum
636 2283 767 2359 corpore
782 2272 857 2338 falsi

122 2358 216 2424 finxit
232 2358 315 2445 apri,
328 2369 521 2507 praeterque
538 2359 647 2424 oculos
664 2370 878 2424 transcurrere
894 2357 979 2444 regis

121 2443 212 2509 iussit
229 2445 310 2509 etin
351 2466 463 2508 cneum
475 2444 623 2512 ,trabibus
640 2467 753 2510 nemus
770 2445 817 2510 ire
833 2443 946 2521 videri,

120 2528 258 2678 plurima
275 2550 339 2612 qua
356 2529 437 2594 silva
454 2540 503 2594 est
519 2540 552 2595 et
568 2551 651 2613 equo
668 2529 739 2595 loca
755 2530 865 2615 pervia
882 2551 947 2594 non
964 2539 1047 2594 sunt.

132 2614 208 2678 raud
225 2636 328 2679 mora:
346 2614 495 2680 continuo
512 2615 650 2700 praedae
668 2615 749 2701 petit
761 2616 883 2683 inscius
900 2614 1048 2680 umbram

120 2699 219 2764 Picus
237 2700 375 2784 equique
393 2700 476 2764 celer
492 2700 674 2785 spumantia
690 2711 782 2785 terga
797 2700 957 2783 relinquit,

93 2860 95 2863 Α
121 2805 273 2869 spemque
292 2806 427 2868 sequens
445 2806 562 2849 vanam
579 2785 660 2849 silva
676 2786 775 2870 pedes
793 2786 926 2851 erratio
943 2786 1017 2850 alta.

121 2869 258 2955 concipit
274 2869 329 2934 illa
346 2891 457 2955 preces
474 2879 508 2934 et
523 2869 622 2935 verba
637 2869 801 2970 precantia
819 2870 895 2935 dicit

120 2955 310 3040 ignotosque
327 2954 403 3020 deos
420 2954 531 3041 ignoto
549 2975 687 3020 carmme
706 2955 827 3033 adorat,

121 3061 184 3124 quo
202 3040 282 3105 solet
299 3050 330 3105 et
347 3040 460 3106 niveae
476 3040 601 3105 vultum
618 3039 813 3107 confundere
830 3039 945 3106 Lunae

122 3137 154 3190 et
170 3124 273 3211 patrio
291 3124 388 3212 capiti
405 3124 530 3191 bibulas
548 3125 718 3192 subtexere
734 3126 846 3192 nubes.

120 3222 190 3275 tum
207 3231 335 3295 quoque
353 3221 478 3276 cantato
497 3211 646 3280 densetur
663 3212 801 3278 carmine
820 3211 953 3289 caelum,

120 3306 153 3362 et
169 3295 303 3361 nebulas
321 3297 427 3362 exalat
443 3296 574 3375 humus,
592 3296 759 3380 caecisque
775 3307 933 3384 vagantur
1163 3316 1214 3368 870

119 3380 273 3447 limitibus
290 3382 436 3458 comites,
453 3392 485 3447 et
503 3382 593 3447 abest
610 3382 755 3448 custodia
771 3383 850 3468 regi.

120 3479 215 3531 nacta
231 3468 337 3531 locum
354 3477 544 3551 tempusque
561 3473 656 3553 “‘per
672 3489 692 3531 o
710 3480 766 3532 tua
782 3466 944 3544 lumina,'’'
963 3466 1042 3531 dixit

120 3558 240 3636 “‘quae
257 3574 329 3617 mea
346 3564 507 3636 ceperunt,
524 3574 646 3638 perque
663 3551 755 3631 hauc,
773 3552 993 3639 pulcherrime,
1012 3553 1157 3631 formam,

120 3659 203 3720 quae
221 3636 314 3714 facit,
331 3648 368 3700 ut
384 3637 519 3721 supplex
536 3637 595 3702 tibi
612 3638 672 3703 sim
690 3637 764 3716 dea,
784 3639 912 3704 consule
928 3638 1043 3703 nostris

118 3722 248 3808 ignibus
266 3736 298 3787 et
315 3742 475 3798 socerum,
492 3722 548 3805 qui
589 3723 711 3789 ervidet
727 3725 847 3801 omnia,
865 3722 974 3790 Solem
1161 3743 1212 3793 375

119 3807 245 3892 accipe,
260 3828 320 3873 nec
338 3806 436 3871 durus
453 3746 603 3873 Titanida
620 3808 749 3894 despice
767 3806 922 3876 Circen.'’'

119 3891 253 3966 dixerat.
288 3892 341 3957 ille
358 3891 449 3957 ferox
465 3892 631 3978 ipsamque
648 3916 822 3980 precesque
839 3894 999 3977 relinquit,

119 3987 154 4043 et
171 3982 201 4012 ‘“
207 3997 425 4062 quaecumque
443 3977 518 4055 es,'''
537 3978 581 4043 ait
597 3984 697 4045 “‘uon
715 4002 787 4045 sum
803 3991 892 4046 tuus:
911 3982 1011 4046 altera
1027 3990 1156 4068 captum

118 4084 172 4128 me
190 4071 290 4141 tenet,
309 4076 341 4131 et
357 4074 464 4132 teneat
480 4085 538 4152 per
554 4064 696 4152 longum,
716 4087 907 4155 comprecor,
926 4089 1050 4133 aevum.
1096 4126 1099 4132 .

923 4166 974 4223 16·
