2800 4500
194 292 197 297 ·
293 279 660 343 uerrucarnosuou
676 280 750 340 ma.
768 280 818 343 v1.
836 284 982 342 rar-aaa.
1106 266 1148 339 97
1256 338 1260 349 ,

127 427 201 473 ecce
217 406 290 472 lacu
306 407 411 473 medio
428 430 589 474 sacrorum
606 408 698 495 nigra
715 409 824 474 favilla
1168 429 1218 478 825
1330 438 1332 441 ·

128 515 184 557 ara
200 503 292 559 vetus
310 494 428 570 stabat,
446 496 588 561 tremulis
606 496 801 561 circumdata
818 494 936 561 cannis.

127 578 241 643 restitit
258 579 422 665 etpavido
441 580 563 646 ‘faveas
580 580 672 646 mihi’
690 604 852 647 murmure
870 580 950 645 dixit

128 662 194 727 dux
211 686 301 729 meus
306 688 316 742 3
334 675 365 730 et
383 664 477 730 simili
494 666 632 731 ‘faveas'
651 687 712 752 ego
729 688 890 732 murmure
908 666 982 730 dixi.

127 748 288 814 Naiadum
305 749 450 817 Faunine
467 750 549 816 foret
566 762 674 818 tamen
691 774 760 828 ara,
778 752 941 838 rogabam,

128 832 336 919 indigenaeve
354 835 415 902 dei.
459 857 532 901 cum
548 837 625 902 talia
640 837 762 903 rettulit
778 836 907 922 hospes:

129 924 219 984 “non
234 921 308 997 hac,
326 942 345 986 o
363 921 501 999 iuvenis,
517 933 702 987 montanum
719 945 838 988 numen
854 922 887 987 in
905 945 961 988 ara
978 934 1035 988 est.

128 1002 185 1070 illa
201 1027 291 1071 snam
308 1017 401 1072 vocat
418 1006 515 1084 hanc,
534 1007 585 1073 cui
603 1008 765 1092 quondam
781 1008 870 1094 regia
887 1008 1026 1074 coniunx

129 1090 239 1156 orbem
254 1090 428 1170 interdixit,
447 1113 543 1176 quam
561 1093 615 1158 vix
632 1093 766 1158 erratica
781 1093 883 1159 Delos

129 1187 272 1242 orantem
288 1178 425 1264 accepit,
442 1188 511 1243 tum
528 1201 601 1243 cum
617 1178 697 1244 levis
714 1179 819 1244 insula
834 1179 942 1245 nabat.

128 1261 193 1327 illic
210 1261 395 1328 incumbens
413 1286 485 1329 cum
502 1264 645 1329 Palladis
662 1264 775 1330 arbore
791 1265 916 1350 palmae

129 1347 228 1412 edidit
243 1347 343 1413 invita
358 1349 502 1436 geminos
520 1350 648 1415 Latona
663 1372 811 1416 noverca.

128 1431 204 1498 hinc
220 1454 347 1517 quoque
365 1435 520 1500 lunonem
536 1435 658 1521 firgisse
675 1458 832 1521 puerpera
848 1435 949 1500 fertur
986 1506 989 1513 ,

127 1517 224 1602 inque
242 1541 300 1584 suo
317 1531 460 1604 portasse
477 1520 562 1598 sinu,
580 1521 644 1585 duo
661 1521 807 1597 numina,
824 1532 926 1586 natos.

127 1603 255 1688 iamque
273 1602 536 1684 Chimaeriferae,
554 1628 627 1691 cum
646 1607 693 1672 sol
710 1608 817 1692 gravis
835 1618 940 1673 ureret
957 1629 1043 1684 arva,

128 1689 245 1754 finibus
261 1690 295 1755 in
311 1691 433 1776 Lyciae
449 1691 546 1777 longo
564 1692 625 1759 dea
641 1692 727 1758 fessa
743 1692 852 1758 labore

128 1774 251 1840 sidereo
267 1776 385 1842 siccata
401 1776 485 1841 sitim
503 1777 582 1842 colle
606 1778 630 1842 ‘t
646 1777 688 1842 ab
706 1788 810 1844 aestu:

127 1859 288 1944 uberaque
305 1862 470 1928 ebiberant
486 1862 572 1927 avidi
600 1863 739 1928 actantia
754 1864 831 1928 nati.

127 1945 209 2011 forte
225 1948 330 2012 lacum
347 1947 513 2013 mediocris
530 1970 633 2032 aquae
649 1949 812 2034 prospexit
828 1949 862 2014 in
879 1949 951 2014 imis

127 2031 273 2097 'vallibus
316 2045 456 2119 agrestes
473 2033 538 2098 illic
554 2033 707 2098 fruticosa
722 2035 752 2098 le
777 2035 873 2099 ebant

128 2115 247 2182 vimina
264 2140 336 2182 cum
353 2119 456 2184 iuncis
472 2129 661 2204 gratamque
677 2119 754 2203 palu
777 2119 847 2184 ‘bus
865 2121 982 2184 ulvam.

128 2202 260 2268 accessit
276 2203 442 2289 positoque
458 2226 545 2291 genu
561 2203 690 2271 Titania
707 2215 823 2272 terram

127 2289 256 2374 pressit,
273 2302 310 2354 ut
326 2289 466 2356 hauriret
482 2290 604 2377 gelidos
621 2302 737 2376 potura
753 2291 901 2376 liquores.

126 2373 245 2439 rustica
261 2375 356 2440 tmba
371 2386 466 2442 vetat
510 2376 570 2441 dea
586 2376 633 2441 sic
649 2376 759 2442 adfata
776 2387 931 2442 vetantes:

18 2481 24 2490 ·
127 2465 158 2497 “‘
164 2459 241 2544 quid
257 2460 431 2545 prohibetis
448 2462 558 2545 aquis?
574 2484 652 2527 usus
670 2462 846 2527 communis
864 2483 1019 2546 aquarum
1036 2474 1093 2527 est.

126 2567 185 2611 nec
203 2547 302 2612 solem
318 2546 482 2632 proprium
499 2557 613 2612 natura
629 2570 690 2615 nec
707 2553 781 2614 adra
797 2547 874 2613 fecit

125 2653 186 2697 nec
203 2632 447 2698 tenuesundas:
466 2632 507 2697 ad
524 2633 654 2718 publica
670 2655 803 2699 munera
820 2633 902 2700 veni.

127 2737 209 2800 quae
225 2730 333 2783 tamen
349 2728 387 2782 ut
403 2718 497 2795 detis,
515 2718 651 2803 supplex
666 2729 751 2804 peto.
794 2741 860 2784 non
877 2741 937 2804 ego
955 2730 1080 2784 nostros

127 2802 255 2868 abluere
271 2802 324 2867 hic
342 2814 429 2868 artus
445 2803 626 2887 lassataque
643 2804 787 2869 membra
802 2804 965 2890 parabam,

127 2887 184 2952 sed
200 2889 340 2954 relevare
357 2889 451 2954 sitim.
494 2899 580 2954 caret
598 2911 633 2954 os
650 2911 760 2954 umore
776 2889 944 2973 loquentis,

128 2984 160 3037 et
175 2971 285 3039 fauces
302 2984 405 3051 arent,
423 2974 542 3058 vixque
559 2984 607 3039 est
623 2975 676 3039 via
693 2974 779 3040 vocis
796 2974 830 3038 in
847 2975 919 3039 illis.

126 3056 259 3144 haustus
276 3078 378 3141 aquae
394 3059 472 3124 mihi
488 3071 597 3125 nectar
613 3059 685 3135 erit,
704 3059 865 3143 vitamque
881 3060 1005 3126 fatebor

126 3143 287 3229 accepisse
304 3144 411 3209 simul:
429 3145 529 3209 vitam
545 3144 694 3211 dederitis
711 3145 744 3209 in
761 3145 856 3209 unda.

126 3227 160 3293 hi
177 3249 305 3313 quoque
322 3250 379 3293 vos
395 3242 558 3308 moveant,
575 3230 631 3314 qui
647 3240 755 3296 nostro
772 3230 920 3296 bracchia
937 3231 1071 3298 tendunt

125 3336 226 3399 parva
241 3314 354 3379 sinu.'”
397 3325 430 3381 et
446 3337 522 3381 casu
539 3315 713 3381 tendebant
729 3316 877 3381 bracchia
893 3316 969 3381 nati.

126 3421 221 3484 quem
238 3421 309 3465 non.
320 3400 438 3465 blanda
454 3401 533 3467 deae
549 3402 725 3487 potuissent
742 3402 841 3467 verba
856 3403 1003 3467 movere?

125 3485 159 3550 hi
171 3495 282 3550 ‘tamen
299 3496 442 3552 orantem
458 3497 599 3572 perstant
615 3487 797 3573 prohibere,
814 3487 990 3569 minasque,

125 3570 160 3636 ni
175 3572 286 3656 procul
303 3571 468 3651 abscedat,
485 3572 691 3656 conviciaque
707 3572 837 3657 insuper
853 3572 984 3637 addunt.

125 3678 185 3722 nec
203 3656 279 3722 satis
296 3668 357 3722 estc
375 3657 461 3743 ipsos
478 3657 573 3722 etiam
589 3657 789 3743 pedibusque
805 3678 965 3740 manuque

125 3741 294 3808 turbavere
310 3742 415 3821 lacus,
431 3743 559 3826 imoque
577 3765 596 3808 e
612 3743 739 3829 gurgite
756 3743 882 3809 mollem

124 3827 189 3892 huc
205 3827 281 3893 illuc
296 3827 409 3894 limum
426 3829 509 3893 saltu
525 3849 654 3895 movere
670 3828 820 3914 maligno.

125 3911 247 3978 distulit
262 3913 310 3977 ira
327 3913 421 3979 sitim.
463 3935 569 3998 neque
586 3914 670 3979 enim
685 3914 751 3979 iarn
767 3913 833 3978 filia
850 3911 930 3979 Coei

125 3997 282 4084 supplicat
298 3998 437 4086 indignis
453 4020 513 4063 nec
530 3999 634 4065 dicere
652 3999 785 4065 sustinet
801 4000 884 4064 ultra

123 4083 364 4234 rerohffinlqra
380 4086 455 4165 dea,
472 4084 648 4172 tollensque
666 4085 708 4151 ad
725 4084 829 4153 sidera
844 4085 975 4243 palmas7
