2800 4500
219 252 282 345 124
549 289 583 345 P.
601 266 727 346 ovmu
743 286 907 346 uasoms

150 434 200 487 180
217 413 346 516 aspicio.
390 413 503 500 fugere
519 412 595 490 boc,
612 411 691 477 illud
706 422 833 497 captare
840 422 979 496 putares.

218 500 337 567 sedicet
354 499 488 565 invictos
506 497 600 563 ambo
617 498 789 564 certamine
807 518 917 563 cursus

218 608 288 652 0000
306 585 384 652 deus
402 583 516 659 voluit,
535 582 561 648 si
579 582 650 668 quis
669 582 747 648 deus
766 582 867 647 adfuit
884 581 967 646 illis?

217 671 386 747 hactenus,
404 680 436 735 00
451 668 559 734 tacuit.
603 668 722 733 ‘iaculo
740 667 825 753 quod
843 667 962 732 crimen
978 665 1098 752 inipso
1116 665 1182 750 est?¹

158 764 160 779 ⁴
218 756 347 821 Phocus
365 755 419 820 ait
461 754 557 820 iaculi
574 753 620 819 sic
638 753 770 819 crimina
787 752 923 819 reddidit
939 751 1001 817 ille.

152 862 201 913 785
261 840 406 909 ‘Gaudia
423 839 613 926 principium
630 839 729 904 nostri
746 850 835 916 sunt,
852 837 975 914 Phoce,
994 836 1120 902 doloris.

218 928 273 993 illa
289 927 377 1014 prius
395 926 541 991 referam.
584 924 672 990 iuvat
690 946 709 988 o
727 923 908 990 meminisse
924 922 1010 988 beati

218 1013 383 1113 temporis,
401 1011 558 1089 Aeacida,
576 1031 641 1094 quo
657 1009 776 1096 primos
792 1009 851 1075 rite
868 1030 926 1095 per
942 1029 1041 1074 annos

219 1120 355 1184 conruge
373 1120 459 1162 eram
477 1095 568 1173 felix,
586 1095 664 1164 felix
681 1105 749 1161 erat
765 1095 820 1160 illa
836 1095 959 1160 marito.

160 1202 162 1206 “
219 1194 331 1249 mutua
348 1205 425 1247 cura
443 1181 522 1246 duos
540 1193 571 1247 c't
589 1202 678 1246 amor
695 1180 819 1246 socialis
836 1179 984 1246 habebat.

150 1284 279 1340 soo‘nec
295 1268 382 1333 Iovis
399 1267 453 1333 illa
470 1288 542 1332 meo
558 1265 715 1331 thalamos
732 1265 906 1353 praeferret
923 1265 1032 1342 amori,

219 1376 293 1432 nec,
310 1376 362 1419 me
379 1374 462 1437 quae
480 1364 623 1438 caperet,
639 1374 706 1417 non
723 1352 750 1416 si
767 1353 879 1418 Venus
896 1350 966 1437 ipsa
982 1351 1113 1430 veniret,

219 1441 286 1506 ulla
302 1448 383 1505 erat:
401 1438 549 1520 aequales
566 1437 701 1502 urebant
717 1448 845 1523 pectora
860 1436 1016 1502 flammae.

220 1526 286 1591 sole
302 1524 369 1589 fere
386 1523 482 1588 radiis
499 1523 631 1589 feriente
649 1523 815 1588 cacumina
831 1523 940 1608 primis

220 1620 370 1677 venatum
387 1608 420 1672 in
438 1609 533 1673 silvas
550 1608 738 1674 iuvenaliter
753 1609 800 1674 ire
818 1608 973 1673 solebam:

153 1712 202 1763 805
219 1718 280 1761 nec
297 1716 422 1760 mecum
440 1693 576 1759 famulos
592 1716 653 1761 nec
670 1716 768 1778 equos
785 1715 845 1759 nec
861 1693 990 1758 naribus
1008 1714 1097 1761 acres

219 1782 266 1848 ire
284 1801 392 1858 canes,
410 1801 470 1845 nec
486 1780 551 1845 lina
568 1779 659 1864 sequi
675 1779 797 1845 nodosa
815 1779 971 1845 sinebam:

220 1878 309 1932 tutus
327 1887 413 1932 eram
431 1865 544 1930 iaculo.
588 1864 645 1930 sed
663 1887 736 1930 cum
754 1865 868 1930 satiata
884 1864 1004 1931 ferinae
1023 1943 1026 1949 ,

221 1952 352 2019 dextera
369 1950 475 2016 caedis
492 1962 574 2026 erat,
591 1951 775 2037 repetebam
791 1950 893 2037 frigus
911 1960 943 2016 et
959 1949 1099 2028 umbras,

221 2048 253 2104 et
270 2059 352 2120 quae
370 2036 410 2101 de
427 2036 540 2122 gelidis
558 2037 664 2101 exalat
679 2035 830 2113 vallibus,
849 2057 969 2101 auram.

153 2140 205 2192 810
222 2146 301 2188 aura
317 2122 485 2209 petebatur
501 2123 606 2187 medio
624 2121 701 2187 mihi
718 2122 798 2187 lenis
815 2122 848 2186 in
866 2132 969 2186 aestu:

221 2231 331 2274 auram
349 2207 570 2294 expectabam:
588 2207 713 2293 requies
731 2218 798 2274 erat
814 2207 869 2272 illa
884 2206 995 2273 labori.

222 2293 355 2373 “aura'’
372 2292 535 2377 (recordor
550 2293 649 2378 enim)
667 2293 831 2371 “venias”
850 2305 978 2359 cantare
995 2293 1147 2372 solebam,

222 2387 361 2463 “meque
377 2378 484 2456 iuves,
501 2378 661 2462 intresque
679 2380 781 2455 sinus,
798 2378 991 2463 gratissima,
1008 2390 1146 2444 nostros:

221 2476 320 2549 utque
337 2464 430 2541 facis,
448 2464 589 2529 relevare
605 2464 698 2541 velis,
717 2463 833 2548 quibus
849 2463 985 2541 urimur,
1003 2464 1139 2529 aestus.’'

154 2569 204 2620 815
222 2550 354 2616 forsitan
372 2549 547 2614 addiderim
563 2583 607 2595 —
623 2550 668 2613 sic
685 2572 737 2614 me
754 2571 827 2614 mea
843 2548 910 2614 fata
926 2549 1093 2615 trahebant
1109 2585 1153 2596 -

221 2634 390 2701 blanditias
407 2635 514 2721 plures
532 2643 564 2699 et
581 2640 641 2698 “tu
657 2634 737 2699 mihi
753 2657 871 2720 magna
887 2634 1058 2720 voluptas''

222 2721 327 2788 dicere
344 2720 404 2785 sim
422 2719 547 2797 solitus,
565 2724 626 2784 “tu
642 2742 694 2785 me
713 2719 878 2803 reficisque
894 2720 1061 2803 fovesque:

221 2818 258 2872 tu
274 2805 367 2882 facis,
385 2816 422 2871 ut
439 2804 548 2882 silvas,
565 2817 602 2870 ut
619 2828 723 2871 amem
739 2807 810 2871 loca
827 2806 907 2883 sola:
924 2828 1059 2890 meoque

102 2899 104 2905 ’
222 2892 349 2979 spiritus
366 2891 425 2956 iste
443 2901 517 2955 tuus
536 2914 661 2978 semper
678 2901 822 2978 captatur
840 2890 880 2955 ab
898 2891 981 2958 ore.”

153 2997 205 3048 820
222 2977 353 3044 vocibus
371 2976 529 3062 ambiguis
546 2977 711 3064 deceptam
727 2976 872 3063 praebuit
891 2999 999 3042 aurem

221 3063 431 3147 nescioquis,
449 3084 628 3146 nomenque
645 3085 741 3128 aurae
759 3073 824 3127 tam
842 3084 936 3147 saepe
953 3073 1101 3130 vocatum

222 3171 291 3215 0000
308 3159 400 3235 putat
415 3147 589 3233 nymphae:
608 3147 781 3234 nympham
799 3170 851 3213 me
868 3147 968 3213 credit
984 3171 1101 3215 amare.

223 3234 361 3300 criminis
378 3235 537 3330 extemplo
555 3233 621 3298 ficti
637 3233 822 3298 temerarius
840 3232 936 3299 index

221 3320 354 3385 Procrin
372 3319 438 3385 adit
453 3320 627 3405 linguaque
644 3319 741 3385 refert
757 3318 866 3383 audita
882 3342 1021 3384 susurra.

154 3426 204 3477 888
222 3406 352 3472 credula
367 3428 418 3471 res
436 3426 525 3469 amor
541 3416 598 3469 est.
642 3403 747 3469 subito
765 3404 904 3489 collapsa
921 3405 1038 3482 dolore,

221 3502 258 3556 ut
275 3491 335 3555 sibi
352 3506 506 3567 narratur,
524 3488 651 3568 cecidit,
668 3490 828 3575 longoque
844 3489 963 3555 refecta

222 3588 364 3661 tempore
382 3599 416 3640 se
433 3575 594 3652 miseram,
612 3597 647 3641 sc
663 3574 722 3639 fati
740 3573 819 3638 dixit
834 3574 947 3659 iniqui:

223 3663 327 3745 deque
343 3660 406 3726 lide
424 3672 537 3743 questa
553 3670 601 3725 000
618 3671 650 3725 00
667 3659 798 3725 crimine
815 3660 939 3725 concita
956 3683 1048 3738 vano,

223 3746 310 3832 quod
327 3745 404 3809 nihil
423 3756 483 3822 est,
501 3745 626 3821 metuit,
643 3745 757 3810 metuit
773 3744 841 3810 sine
859 3767 989 3832 corpore
1006 3769 1122 3813 nornen

154 3851 206 3902 880
223 3844 255 3897 00
273 3831 358 3895 dolet
375 3830 485 3895 infelix
502 3831 600 3895 veluti
618 3830 657 3896 de
675 3830 795 3915 paelice
813 3852 897 3896 vera.

223 3937 318 3999 saepe
335 3926 441 3979 tamen
459 3915 583 3979 dubitat
599 3925 765 4001 speratque
782 3916 957 3982 miserrima
973 3916 1043 3982 falli

222 3999 392 4084 iudiciique
419 3999 514 4064 fidem
530 4013 627 4087 negat
644 4011 690 4078 et,
707 4001 769 4066 nisi
786 4000 900 4067 viderit
916 4002 996 4089 ipsa,

223 4084 412 4151 damnatura
428 4085 477 4150 sui
494 4107 558 4151 non
576 4097 624 4154 est
641 4086 756 4155 delicta
771 4086 886 4154 mariti.
