<?xml version="1.0" encoding="UTF-8"?>
<!DOCTYPE html PUBLIC "-//W3C//DTD XHTML 1.0 Transitional//EN"
    "http://www.w3.org/TR/xhtml1/DTD/xhtml1-transitional.dtd">
<html xmlns="http://www.w3.org/1999/xhtml" xml:lang="en" lang="en">
 <head>
  <title>
</title>
<meta http-equiv="Content-Type" content="text/html;charset=utf-8" />
  <meta name='ocr-system' content='tesseract 3.04.00' />
  <meta name='ocr-capabilities' content='ocr_page ocr_carea ocr_par ocr_line ocrx_word'/>
</head>
<body>
  <div class='ocr_page' id='page_1' title='image "./povidiinasonisc00unkngoog_0151.png"; bbox 0 0 2800 4500; ppageno 0'>
   <div class='ocr_carea' id='block_1_1' title="bbox 304 243 1155 319">
    <p class='ocr_par' dir='ltr' id='par_1_1' title="bbox 304 243 1155 319">
     <span class='ocr_line' id='line_1_1' title="bbox 304 243 1155 319; baseline -0.008 0"><span class='ocrx_word' id='word_1_1' title='bbox 304 258 675 319; x_wconf 83' lang='lat' dir='ltr'><strong>METAMORPHOSEON</strong></span> <span class='ocrx_word' id='word_1_2' title='bbox 690 258 764 317; x_wconf 88' lang='lat' dir='ltr'><strong>LIB.</strong></span> <span class='ocrx_word' id='word_1_3' title='bbox 782 258 817 317; x_wconf 88' lang='lat' dir='ltr'><strong>V.</strong></span> <span class='ocrx_word' id='word_1_4' title='bbox 836 257 981 316; x_wconf 76' lang='lat' dir='ltr'><strong>ano-346.</strong></span> <span class='ocrx_word' id='word_1_5' title='bbox 1072 262 1074 265; x_wconf 83' lang='lat'>&#39;</span> <span class='ocrx_word' id='word_1_6' title='bbox 1115 243 1155 313; x_wconf 84' lang='lat'><strong>81</strong></span> 
     </span>
    </p>
   </div>
   <div class='ocr_carea' id='block_1_2' title="bbox 132 384 1224 792">
    <p class='ocr_par' dir='ltr' id='par_1_2' title="bbox 132 384 898 472">
     <span class='ocr_line' id='line_1_2' title="bbox 132 384 898 472; baseline -0.005 -20"><span class='ocrx_word' id='word_1_7' title='bbox 132 385 271 453; x_wconf 88' lang='lat' dir='ltr'><strong>Paeonis</strong></span> <span class='ocrx_word' id='word_1_8' title='bbox 288 384 416 472; x_wconf 83' lang='lat' dir='ltr'>Euippe</span> <span class='ocrx_word' id='word_1_9' title='bbox 433 384 621 450; x_wconf 85' lang='lat' dir='ltr'><strong>materfuit.</strong></span> <span class='ocrx_word' id='word_1_10' title='bbox 664 384 720 448; x_wconf 84' lang='lat' dir='ltr'><strong>illa</strong></span> <span class='ocrx_word' id='word_1_11' title='bbox 735 393 898 469; x_wconf 87' lang='lat' dir='ltr'><strong>potentem</strong></span> 
     </span>
    </p>

    <p class='ocr_par' dir='ltr' id='par_1_3' title="bbox 132 469 927 557">
     <span class='ocr_line' id='line_1_3' title="bbox 132 469 927 557; baseline -0.004 -21"><span class='ocrx_word' id='word_1_12' title='bbox 132 471 292 539; x_wconf 81' lang='lat' dir='ltr'><strong>Lucinam</strong></span> <span class='ocrx_word' id='word_1_13' title='bbox 308 473 455 548; x_wconf 83' lang='lat' dir='ltr'>noviens,</span> <span class='ocrx_word' id='word_1_14' title='bbox 472 471 603 537; x_wconf 83' lang='lat' dir='ltr'><strong>noviens</strong></span> <span class='ocrx_word' id='word_1_15' title='bbox 620 470 775 557; x_wconf 87' lang='lat' dir='ltr'><strong>paritura,</strong></span> <span class='ocrx_word' id='word_1_16' title='bbox 793 469 927 534; x_wconf 86' lang='lat' dir='ltr'><strong>vocavit.</strong></span> 
     </span>
    </p>

    <p class='ocr_par' dir='ltr' id='par_1_4' title="bbox 132 554 1224 792">
     <span class='ocr_line' id='line_1_4' title="bbox 132 554 1224 631; baseline -0.001 -8"><span class='ocrx_word' id='word_1_17' title='bbox 132 557 284 623; x_wconf 81' lang='lat' dir='ltr'><strong>intumuit</strong></span> <span class='ocrx_word' id='word_1_18' title='bbox 299 579 432 622; x_wconf 91' lang='lat' dir='ltr'><strong>numero</strong></span> <span class='ocrx_word' id='word_1_19' title='bbox 450 556 636 621; x_wconf 89' lang='lat' dir='ltr'><strong>stolidarum</strong></span> <span class='ocrx_word' id='word_1_20' title='bbox 652 554 747 619; x_wconf 86' lang='lat' dir='ltr'><strong>turba</strong></span> <span class='ocrx_word' id='word_1_21' title='bbox 764 576 918 631; x_wconf 88' lang='lat' dir='ltr'><strong>sororum,</strong></span> <span class='ocrx_word' id='word_1_22' title='bbox 1174 574 1224 625; x_wconf 79' lang='grc'><strong>335</strong></span> 
     </span>
     <span class='ocr_line' id='line_1_5' title="bbox 133 634 1008 792; baseline -0.003 -86"><span class='ocrx_word' id='word_1_23' title='bbox 133 665 252 792; x_wconf 69' lang='lat' dir='ltr'><strong>perque</strong></span> <span class='ocrx_word' id='word_1_24' title='bbox 269 654 316 708; x_wconf 92' lang='lat' dir='ltr'><strong>tot</strong></span> <span class='ocrx_word' id='word_1_25' title='bbox 332 642 529 707; x_wconf 88' lang='lat' dir='ltr'><strong>Haemonias</strong></span> <span class='ocrx_word' id='word_1_26' title='bbox 547 653 579 707; x_wconf 91' lang='lat' dir='ltr'><strong>et</strong></span> <span class='ocrx_word' id='word_1_27' title='bbox 595 663 652 727; x_wconf 91' lang='lat' dir='ltr'><strong>per</strong></span> <span class='ocrx_word' id='word_1_28' title='bbox 668 651 716 705; x_wconf 93' lang='lat' dir='ltr'><strong>tot</strong></span> <span class='ocrx_word' id='word_1_29' title='bbox 731 640 895 705; x_wconf 83' lang='lat' dir='ltr'><strong>Achaidas</strong></span> <span class='ocrx_word' id='word_1_30' title='bbox 912 634 1008 704; x_wconf 90' lang='lat' dir='ltr'><strong>urbes</strong></span> 
     </span>
    </p>
   </div>
   <div class='ocr_carea' id='block_1_3' title="bbox 133 725 898 980">
    <p class='ocr_par' dir='ltr' id='par_1_5' title="bbox 133 725 898 980">
     <span class='ocr_line' id='line_1_6' title="bbox 157 725 854 812; baseline -0.007 -19"><span class='ocrx_word' id='word_1_31' title='bbox 157 751 197 794; x_wconf 91' lang='lat' dir='ltr'><strong>uc</strong></span> <span class='ocrx_word' id='word_1_32' title='bbox 214 729 302 794; x_wconf 89' lang='lat' dir='ltr'><strong>venit</strong></span> <span class='ocrx_word' id='word_1_33' title='bbox 318 738 350 793; x_wconf 90' lang='lat' dir='ltr'><strong>et</strong></span> <span class='ocrx_word' id='word_1_34' title='bbox 367 729 423 792; x_wconf 93' lang='lat' dir='ltr'><strong>tali</strong></span> <span class='ocrx_word' id='word_1_35' title='bbox 440 727 608 792; x_wconf 90' lang='lat' dir='ltr'><strong>committit</strong></span> <span class='ocrx_word' id='word_1_36' title='bbox 624 725 745 812; x_wconf 87' lang='lat' dir='ltr'><strong>proelia</strong></span> <span class='ocrx_word' id='word_1_37' title='bbox 761 747 854 791; x_wconf 90' lang='lat' dir='ltr'><strong>voce:</strong></span> 
     </span>
     <span class='ocr_line' id='line_1_7' title="bbox 134 810 890 879; baseline -0.005 -1"><span class='ocrx_word' id='word_1_38' title='bbox 134 815 292 879; x_wconf 89' lang='lat' dir='ltr'><strong>“desinite</strong></span> <span class='ocrx_word' id='word_1_39' title='bbox 309 814 473 878; x_wconf 91' lang='lat' dir='ltr'><strong>indoctum</strong></span> <span class='ocrx_word' id='word_1_40' title='bbox 489 835 573 877; x_wconf 88' lang='lat' dir='ltr'><strong>vana</strong></span> <span class='ocrx_word' id='word_1_41' title='bbox 589 810 757 876; x_wconf 86' lang='lat' dir='ltr'><strong>dulcedine</strong></span> <span class='ocrx_word' id='word_1_42' title='bbox 774 810 828 875; x_wconf 92' lang='lat' dir='ltr'><strong>vul</strong></span> <span class='ocrx_word' id='word_1_43' title='bbox 875 833 890 875; x_wconf 90' lang='lat' dir='ltr'><strong>s</strong></span> 
     </span>
     <span class='ocr_line' id='line_1_8' title="bbox 133 896 898 980; baseline -0.003 -17"><span class='ocrx_word' id='word_1_44' title='bbox 133 899 258 964; x_wconf 81' lang='lat' dir='ltr'><strong>fallere:</strong></span> <span class='ocrx_word' id='word_1_45' title='bbox 275 898 455 974; x_wconf 89' lang='lat' dir='ltr'><strong>nobiscum,</strong></span> <span class='ocrx_word' id='word_1_46' title='bbox 472 898 501 962; x_wconf 90' lang='lat' dir='ltr'><strong>si</strong></span> <span class='ocrx_word' id='word_1_47' title='bbox 517 917 582 980; x_wconf 88' lang='lat' dir='ltr'><strong>qua</strong></span> <span class='ocrx_word' id='word_1_48' title='bbox 598 909 647 962; x_wconf 90' lang='lat' dir='ltr'><strong>est</strong></span> <span class='ocrx_word' id='word_1_49' title='bbox 662 896 780 961; x_wconf 90' lang='lat' dir='ltr'><strong>fiducia</strong></span> <span class='ocrx_word' id='word_1_50' title='bbox 796 917 837 960; x_wconf 91' lang='lat' dir='ltr'><strong>vo</strong></span> <span class='ocrx_word' id='word_1_51' title='bbox 860 896 898 973; x_wconf 88' lang='lat' dir='ltr'><strong>is,</strong></span> 
     </span>
    </p>
   </div>
   <div class='ocr_carea' id='block_1_4' title="bbox 134 984 1331 1069">
    <p class='ocr_par' dir='ltr' id='par_1_6' title="bbox 134 984 1331 1069">
     <span class='ocr_line' id='line_1_9' title="bbox 134 984 1331 1069; baseline 0.003 -20"><span class='ocrx_word' id='word_1_52' title='bbox 134 984 347 1069; x_wconf 80' lang='lat' dir='ltr'><strong>Thespiades,</strong></span> <span class='ocrx_word' id='word_1_53' title='bbox 365 993 498 1060; x_wconf 86' lang='lat' dir='ltr'><strong>certate,</strong></span> <span class='ocrx_word' id='word_1_54' title='bbox 516 984 604 1048; x_wconf 89' lang='lat' dir='ltr'><strong>deae.</strong></span> <span class='ocrx_word' id='word_1_55' title='bbox 647 1004 708 1047; x_wconf 90' lang='lat' dir='ltr'><strong>neo</strong></span> <span class='ocrx_word' id='word_1_56' title='bbox 724 1002 802 1046; x_wconf 90' lang='lat' dir='ltr'><strong>voce</strong></span> <span class='ocrx_word' id='word_1_57' title='bbox 819 1004 878 1047; x_wconf 90' lang='lat' dir='ltr'><strong>nec</strong></span> <span class='ocrx_word' id='word_1_58' title='bbox 896 992 963 1047; x_wconf 88' lang='lat' dir='ltr'><strong>arte</strong></span> <span class='ocrx_word' id='word_1_59' title='bbox 1175 1001 1226 1053; x_wconf 80' lang='lat'><strong>810</strong></span> <span class='ocrx_word' id='word_1_60' title='bbox 1329 1031 1331 1033; x_wconf 85' lang='lat'>·</span> 
     </span>
    </p>
   </div>
   <div class='ocr_carea' id='block_1_5' title="bbox 134 1066 1231 4212">
    <p class='ocr_par' dir='ltr' id='par_1_7' title="bbox 135 1066 998 1152">
     <span class='ocr_line' id='line_1_10' title="bbox 135 1066 998 1152; baseline 0 -18"><span class='ocrx_word' id='word_1_61' title='bbox 135 1069 312 1134; x_wconf 81' lang='lat' dir='ltr'><strong>vincemur:</strong></span> <span class='ocrx_word' id='word_1_62' title='bbox 330 1069 524 1152; x_wconf 90' lang='lat' dir='ltr'><strong>totidemque</strong></span> <span class='ocrx_word' id='word_1_63' title='bbox 542 1090 662 1132; x_wconf 86' lang='lat' dir='ltr'><strong>sumus.</strong></span> <span class='ocrx_word' id='word_1_64' title='bbox 706 1066 757 1132; x_wconf 90' lang='lat' dir='ltr'><strong>vel</strong></span> <span class='ocrx_word' id='word_1_65' title='bbox 776 1066 878 1132; x_wconf 86' lang='lat' dir='ltr'><strong>cedite</strong></span> <span class='ocrx_word' id='word_1_66' title='bbox 895 1067 998 1134; x_wconf 87' lang='lat' dir='ltr'><strong>victae</strong></span> 
     </span>
    </p>

    <p class='ocr_par' dir='ltr' id='par_1_8' title="bbox 136 1151 836 1238">
     <span class='ocr_line' id='line_1_11' title="bbox 136 1151 836 1238; baseline -0.004 -19"><span class='ocrx_word' id='word_1_67' title='bbox 136 1155 224 1220; x_wconf 84' lang='lat' dir='ltr'><strong>fonte</strong></span> <span class='ocrx_word' id='word_1_68' title='bbox 241 1154 418 1219; x_wconf 81' lang='lat' dir='ltr'><strong>Medusaeo</strong></span> <span class='ocrx_word' id='word_1_69' title='bbox 436 1164 468 1220; x_wconf 90' lang='lat' dir='ltr'><strong>et</strong></span> <span class='ocrx_word' id='word_1_70' title='bbox 484 1154 636 1238; x_wconf 84' lang='lat' dir='ltr'><strong>Hyantea</strong></span> <span class='ocrx_word' id='word_1_71' title='bbox 652 1151 836 1238; x_wconf 83' lang='lat' dir='ltr'><strong>Aganippe,</strong></span> 
     </span>
    </p>

    <p class='ocr_par' dir='ltr' id='par_1_9' title="bbox 135 1237 923 1321">
     <span class='ocr_line' id='line_1_12' title="bbox 135 1237 923 1321; baseline -0.005 -16"><span class='ocrx_word' id='word_1_72' title='bbox 135 1240 187 1305; x_wconf 91' lang='lat' dir='ltr'><strong>vel</strong></span> <span class='ocrx_word' id='word_1_73' title='bbox 205 1261 262 1304; x_wconf 90' lang='lat' dir='ltr'><strong>nos</strong></span> <span class='ocrx_word' id='word_1_74' title='bbox 278 1238 437 1304; x_wconf 80' lang='lat' dir='ltr'><strong>Emathiis</strong></span> <span class='ocrx_word' id='word_1_75' title='bbox 454 1238 497 1303; x_wconf 88' lang='lat' dir='ltr'><strong>ad</strong></span> <span class='ocrx_word' id='word_1_76' title='bbox 512 1238 660 1320; x_wconf 89' lang='lat' dir='ltr'><strong>Paeonas</strong></span> <span class='ocrx_word' id='word_1_77' title='bbox 676 1259 780 1321; x_wconf 93' lang='lat' dir='ltr'><strong>usque</strong></span> <span class='ocrx_word' id='word_1_78' title='bbox 795 1237 923 1302; x_wconf 89' lang='lat' dir='ltr'><strong>nivosos</strong></span> 
     </span>
    </p>

    <p class='ocr_par' dir='ltr' id='par_1_10' title="bbox 135 1322 1021 1411">
     <span class='ocr_line' id='line_1_13' title="bbox 135 1322 1021 1411; baseline -0.001 -21"><span class='ocrx_word' id='word_1_79' title='bbox 135 1325 286 1390; x_wconf 88' lang='lat' dir='ltr'><strong>cedamus</strong></span> <span class='ocrx_word' id='word_1_80' title='bbox 305 1323 434 1411; x_wconf 88' lang='lat' dir='ltr'><strong>campis.</strong></span> <span class='ocrx_word' id='word_1_81' title='bbox 477 1323 625 1388; x_wconf 88' lang='lat' dir='ltr'><strong>dirimant</strong></span> <span class='ocrx_word' id='word_1_82' title='bbox 642 1322 815 1388; x_wconf 72' lang='lat' dir='ltr'><strong>oenamina</strong></span> <span class='ocrx_word' id='word_1_83' title='bbox 830 1322 1021 1408; x_wconf 87' lang='lat' dir='ltr'><strong>nymphae.&#39;&#39;</strong></span> 
     </span>
    </p>

    <p class='ocr_par' dir='ltr' id='par_1_11' title="bbox 135 1407 1225 1496">
     <span class='ocr_line' id='line_1_14' title="bbox 135 1407 1225 1496; baseline -0.003 -21"><span class='ocrx_word' id='word_1_84' title='bbox 135 1421 228 1496; x_wconf 84' lang='lat' dir='ltr'><strong>turpe</strong></span> <span class='ocrx_word' id='word_1_85' title='bbox 247 1410 377 1494; x_wconf 89' lang='lat' dir='ltr'><strong>quidem</strong></span> <span class='ocrx_word' id='word_1_86' title='bbox 394 1409 583 1474; x_wconf 82' lang='lat' dir='ltr'><strong>contendere</strong></span> <span class='ocrx_word' id='word_1_87' title='bbox 600 1418 682 1485; x_wconf 89' lang='lat' dir='ltr'><strong>erat,</strong></span> <span class='ocrx_word' id='word_1_88' title='bbox 700 1407 757 1472; x_wconf 89' lang='lat' dir='ltr'><strong>sed</strong></span> <span class='ocrx_word' id='word_1_89' title='bbox 775 1407 887 1473; x_wconf 87' lang='lat' dir='ltr'><strong>cedere</strong></span> <span class='ocrx_word' id='word_1_90' title='bbox 903 1408 1008 1473; x_wconf 93' lang='lat' dir='ltr'><strong>visum</strong></span> <span class='ocrx_word' id='word_1_91' title='bbox 1175 1429 1225 1479; x_wconf 80' lang='grc'><strong>313</strong></span> 
     </span>
    </p>

    <p class='ocr_par' dir='ltr' id='par_1_12' title="bbox 135 1493 956 1582">
     <span class='ocr_line' id='line_1_15' title="bbox 135 1493 956 1582; baseline -0.004 -21"><span class='ocrx_word' id='word_1_92' title='bbox 135 1496 271 1582; x_wconf 86' lang='lat' dir='ltr'><strong>turpius.</strong></span> <span class='ocrx_word' id='word_1_93' title='bbox 315 1496 434 1561; x_wconf 90' lang='lat' dir='ltr'><strong>electae</strong></span> <span class='ocrx_word' id='word_1_94' title='bbox 450 1494 557 1559; x_wconf 89' lang='lat' dir='ltr'><strong>iurant</strong></span> <span class='ocrx_word' id='word_1_95' title='bbox 573 1516 631 1579; x_wconf 91' lang='lat' dir='ltr'><strong>per</strong></span> <span class='ocrx_word' id='word_1_96' title='bbox 646 1493 779 1558; x_wconf 88' lang='lat' dir='ltr'><strong>flumina</strong></span> <span class='ocrx_word' id='word_1_97' title='bbox 795 1493 956 1579; x_wconf 81' lang='lat' dir='ltr'><strong>nymphae</strong></span> 
     </span>
    </p>

    <p class='ocr_par' dir='ltr' id='par_1_13' title="bbox 134 1578 826 1681">
     <span class='ocr_line' id='line_1_16' title="bbox 134 1578 826 1681; baseline -0.006 -34"><span class='ocrx_word' id='word_1_98' title='bbox 134 1582 285 1666; x_wconf 83' lang='lat' dir='ltr'><strong>factaque</strong></span> <span class='ocrx_word' id='word_1_99' title='bbox 302 1580 343 1646; x_wconf 89' lang='lat' dir='ltr'><strong>de</strong></span> <span class='ocrx_word' id='word_1_100' title='bbox 359 1580 434 1645; x_wconf 90' lang='lat' dir='ltr'><strong>vivo</strong></span> <span class='ocrx_word' id='word_1_101' title='bbox 450 1602 592 1681; x_wconf 87' lang='lat' dir='ltr'><strong>pressere</strong></span> <span class='ocrx_word' id='word_1_102' title='bbox 610 1578 722 1645; x_wconf 86' lang='lat' dir='ltr'><strong>sedilia</strong></span> <span class='ocrx_word' id='word_1_103' title='bbox 738 1600 826 1644; x_wconf 87' lang='lat' dir='ltr'><strong>saxo.</strong></span> 
     </span>
    </p>

    <p class='ocr_par' dir='ltr' id='par_1_14' title="bbox 135 1663 1226 1751">
     <span class='ocr_line' id='line_1_17' title="bbox 135 1663 1226 1751; baseline 0.001 -20"><span class='ocrx_word' id='word_1_104' title='bbox 135 1680 212 1731; x_wconf 91' lang='lat' dir='ltr'><strong>tunc</strong></span> <span class='ocrx_word' id='word_1_105' title='bbox 229 1667 297 1731; x_wconf 91' lang='lat' dir='ltr'><strong>sine</strong></span> <span class='ocrx_word' id='word_1_106' title='bbox 314 1677 398 1731; x_wconf 90' lang='lat' dir='ltr'><strong>sorte</strong></span> <span class='ocrx_word' id='word_1_107' title='bbox 415 1686 501 1751; x_wconf 87' lang='lat' dir='ltr'><strong>prror</strong></span> <span class='ocrx_word' id='word_1_108' title='bbox 518 1686 601 1749; x_wconf 85' lang='lat' dir='ltr'><strong>quae</strong></span> <span class='ocrx_word' id='word_1_109' title='bbox 618 1687 653 1730; x_wconf 89' lang='lat' dir='ltr'><strong>se</strong></span> <span class='ocrx_word' id='word_1_110' title='bbox 671 1675 791 1730; x_wconf 89' lang='lat' dir='ltr'><strong>certare</strong></span> <span class='ocrx_word' id='word_1_111' title='bbox 807 1663 952 1749; x_wconf 86' lang='lat' dir='ltr'><strong>professa</strong></span> <span class='ocrx_word' id='word_1_112' title='bbox 969 1677 1027 1742; x_wconf 86' lang='lat' dir='ltr'><strong>est,</strong></span> <span class='ocrx_word' id='word_1_113' title='bbox 1065 1681 1226 1749; x_wconf 66' lang='lat' dir='ltr'><strong>(typhoeus.)</strong></span> 
     </span>
    </p>

    <p class='ocr_par' dir='ltr' id='par_1_15' title="bbox 135 1747 1016 1838">
     <span class='ocr_line' id='line_1_18' title="bbox 135 1747 1016 1838; baseline -0.001 -22"><span class='ocrx_word' id='word_1_114' title='bbox 135 1752 220 1817; x_wconf 85' lang='lat' dir='ltr'><strong>bella</strong></span> <span class='ocrx_word' id='word_1_115' title='bbox 237 1751 322 1817; x_wconf 90' lang='lat' dir='ltr'><strong>canit</strong></span> <span class='ocrx_word' id='word_1_116' title='bbox 339 1774 490 1838; x_wconf 82' lang='lat' dir='ltr'><strong>superum</strong></span> <span class='ocrx_word' id='word_1_117' title='bbox 507 1751 652 1834; x_wconf 84' lang='lat' dir='ltr'><strong>falsoque</strong></span> <span class='ocrx_word' id='word_1_118' title='bbox 668 1749 703 1814; x_wconf 93' lang='lat' dir='ltr'><strong>in</strong></span> <span class='ocrx_word' id='word_1_119' title='bbox 720 1749 838 1814; x_wconf 89' lang='lat' dir='ltr'><strong>honore</strong></span> <span class='ocrx_word' id='word_1_120' title='bbox 857 1747 1016 1835; x_wconf 86' lang='lat' dir='ltr'><strong>Gigantes</strong></span> 
     </span>
    </p>

    <p class='ocr_par' dir='ltr' id='par_1_16' title="bbox 135 1835 1227 1923">
     <span class='ocr_line' id='line_1_19' title="bbox 135 1835 1227 1923; baseline -0.005 -20"><span class='ocrx_word' id='word_1_121' title='bbox 135 1838 226 1923; x_wconf 91' lang='lat' dir='ltr'><strong>ponit</strong></span> <span class='ocrx_word' id='word_1_122' title='bbox 243 1848 275 1903; x_wconf 88' lang='lat' dir='ltr'><strong>et</strong></span> <span class='ocrx_word' id='word_1_123' title='bbox 291 1847 442 1903; x_wconf 73' lang='lat' dir='ltr'><strong>extenuat</strong></span> <span class='ocrx_word' id='word_1_124' title='bbox 458 1857 648 1922; x_wconf 86' lang='lat' dir='ltr'><strong>magnorum</strong></span> <span class='ocrx_word' id='word_1_125' title='bbox 665 1835 752 1900; x_wconf 86' lang='lat' dir='ltr'><strong>facta</strong></span> <span class='ocrx_word' id='word_1_126' title='bbox 768 1835 914 1900; x_wconf 85' lang='lat' dir='ltr'><strong>deornm:</strong></span> <span class='ocrx_word' id='word_1_127' title='bbox 1177 1856 1227 1906; x_wconf 81' lang='grc'><strong>333</strong></span> 
     </span>
    </p>

    <p class='ocr_par' dir='ltr' id='par_1_17' title="bbox 137 1921 874 2006">
     <span class='ocr_line' id='line_1_20' title="bbox 137 1921 874 2006; baseline -0.007 -18"><span class='ocrx_word' id='word_1_128' title='bbox 137 1923 349 2006; x_wconf 91' lang='lat' dir='ltr'><strong>emissumque</strong></span> <span class='ocrx_word' id='word_1_129' title='bbox 366 1922 431 1987; x_wconf 88' lang='lat' dir='ltr'><strong>ima</strong></span> <span class='ocrx_word' id='word_1_130' title='bbox 448 1922 489 1988; x_wconf 93' lang='lat' dir='ltr'><strong>de</strong></span> <span class='ocrx_word' id='word_1_131' title='bbox 506 1921 581 1987; x_wconf 81' lang='lat' dir='ltr'><strong>sede</strong></span> <span class='ocrx_word' id='word_1_132' title='bbox 599 1921 756 2006; x_wconf 69' lang='lat' dir='ltr'><strong>Typhoea</strong></span> <span class='ocrx_word' id='word_1_133' title='bbox 771 1932 874 1985; x_wconf 87' lang='lat' dir='ltr'><strong>terrae</strong></span> 
     </span>
    </p>

    <p class='ocr_par' dir='ltr' id='par_1_18' title="bbox 136 2004 939 2088">
     <span class='ocr_line' id='line_1_21' title="bbox 136 2004 939 2088; baseline -0.002 -14"><span class='ocrx_word' id='word_1_134' title='bbox 136 2007 301 2074; x_wconf 88' lang='lat' dir='ltr'><strong>caelitibus</strong></span> <span class='ocrx_word' id='word_1_135' title='bbox 319 2007 432 2074; x_wconf 86' lang='lat' dir='ltr'><strong>fecisse</strong></span> <span class='ocrx_word' id='word_1_136' title='bbox 449 2017 585 2084; x_wconf 89' lang='lat' dir='ltr'><strong>metum,</strong></span> <span class='ocrx_word' id='word_1_137' title='bbox 603 2017 796 2088; x_wconf 89' lang='lat' dir='ltr'><strong>cunctosque</strong></span> <span class='ocrx_word' id='word_1_138' title='bbox 814 2004 939 2072; x_wconf 86' lang='lat' dir='ltr'><strong>dedisse</strong></span> 
     </span>
    </p>

    <p class='ocr_par' dir='ltr' id='par_1_19' title="bbox 136 2091 883 2180">
     <span class='ocr_line' id='line_1_22' title="bbox 136 2091 883 2180; baseline -0.004 -23"><span class='ocrx_word' id='word_1_139' title='bbox 136 2105 228 2180; x_wconf 86' lang='lat' dir='ltr'><strong>terga</strong></span> <span class='ocrx_word' id='word_1_140' title='bbox 243 2092 354 2179; x_wconf 87' lang='lat' dir='ltr'><strong>fugae,</strong></span> <span class='ocrx_word' id='word_1_141' title='bbox 373 2094 475 2158; x_wconf 90' lang='lat' dir='ltr'><strong>donec</strong></span> <span class='ocrx_word' id='word_1_142' title='bbox 491 2092 592 2158; x_wconf 84' lang='lat' dir='ltr'><strong>fessos</strong></span> <span class='ocrx_word' id='word_1_143' title='bbox 609 2091 774 2176; x_wconf 84' lang='lat' dir='ltr'><strong>Aegyptia</strong></span> <span class='ocrx_word' id='word_1_144' title='bbox 789 2091 883 2155; x_wconf 88' lang='lat' dir='ltr'><strong>tellus</strong></span> 
     </span>
    </p>

    <p class='ocr_par' dir='ltr' id='par_1_20' title="bbox 138 2175 882 2266">
     <span class='ocr_line' id='line_1_23' title="bbox 138 2175 882 2266; baseline -0.007 -22"><span class='ocrx_word' id='word_1_145' title='bbox 138 2179 257 2266; x_wconf 88' lang='lat' dir='ltr'><strong>ceperit</strong></span> <span class='ocrx_word' id='word_1_146' title='bbox 274 2189 306 2243; x_wconf 91' lang='lat' dir='ltr'><strong>et</strong></span> <span class='ocrx_word' id='word_1_147' title='bbox 323 2188 445 2266; x_wconf 88' lang='lat' dir='ltr'><strong>septem</strong></span> <span class='ocrx_word' id='word_1_148' title='bbox 461 2177 614 2243; x_wconf 89' lang='lat' dir='ltr'><strong>discretus</strong></span> <span class='ocrx_word' id='word_1_149' title='bbox 631 2177 664 2241; x_wconf 90' lang='lat' dir='ltr'><strong>in</strong></span> <span class='ocrx_word' id='word_1_150' title='bbox 682 2176 763 2240; x_wconf 87' lang='lat' dir='ltr'><strong>ostia</strong></span> <span class='ocrx_word' id='word_1_151' title='bbox 779 2175 882 2240; x_wconf 91' lang='lat' dir='ltr'><strong>Nilus.</strong></span> 
     </span>
    </p>

    <p class='ocr_par' dir='ltr' id='par_1_21' title="bbox 136 2260 1226 2349">
     <span class='ocr_line' id='line_1_24' title="bbox 136 2260 1226 2349; baseline -0.004 -19"><span class='ocrx_word' id='word_1_152' title='bbox 136 2265 201 2330; x_wconf 92' lang='lat' dir='ltr'><strong>huo</strong></span> <span class='ocrx_word' id='word_1_153' title='bbox 219 2285 345 2349; x_wconf 90' lang='lat' dir='ltr'><strong>quoque</strong></span> <span class='ocrx_word' id='word_1_154' title='bbox 362 2264 552 2349; x_wconf 86' lang='lat' dir='ltr'><strong>terrigenam</strong></span> <span class='ocrx_word' id='word_1_155' title='bbox 569 2264 694 2328; x_wconf 90' lang='lat' dir='ltr'><strong>venisse</strong></span> <span class='ocrx_word' id='word_1_156' title='bbox 711 2260 867 2347; x_wconf 67' lang='lat' dir='ltr'><strong>Typhoea</strong></span> <span class='ocrx_word' id='word_1_157' title='bbox 883 2273 1000 2340; x_wconf 85' lang='lat' dir='ltr'><strong>narrat,</strong></span> <span class='ocrx_word' id='word_1_158' title='bbox 1176 2283 1226 2332; x_wconf 83' lang='grc'><strong>333</strong></span> 
     </span>
    </p>

    <p class='ocr_par' dir='ltr' id='par_1_22' title="bbox 139 2348 806 2463">
     <span class='ocr_line' id='line_1_25' title="bbox 139 2348 806 2463; baseline -0.007 -47"><span class='ocrx_word' id='word_1_159' title='bbox 139 2362 171 2416; x_wconf 91' lang='lat' dir='ltr'><strong>et</strong></span> <span class='ocrx_word' id='word_1_160' title='bbox 188 2372 223 2416; x_wconf 90' lang='lat' dir='ltr'><strong>se</strong></span> <span class='ocrx_word' id='word_1_161' title='bbox 239 2349 379 2416; x_wconf 90' lang='lat' dir='ltr'><strong>mentitis</strong></span> <span class='ocrx_word' id='word_1_162' title='bbox 396 2371 526 2463; x_wconf 85' lang='lat' dir='ltr'><strong>superos</strong></span> <span class='ocrx_word' id='word_1_163' title='bbox 544 2349 663 2415; x_wconf 88' lang='lat' dir='ltr'><strong>celasse</strong></span> <span class='ocrx_word' id='word_1_164' title='bbox 680 2348 806 2433; x_wconf 82' lang='lat' dir='ltr'><strong>figuris:</strong></span> 
     </span>
    </p>

    <p class='ocr_par' dir='ltr' id='par_1_23' title="bbox 138 2432 1049 2521">
     <span class='ocr_line' id='line_1_26' title="bbox 138 2432 1049 2521; baseline -0.004 -21"><span class='ocrx_word' id='word_1_165' title='bbox 138 2435 294 2519; x_wconf 88' lang='lat' dir='ltr'><strong>“duxque</strong></span> <span class='ocrx_word' id='word_1_166' title='bbox 310 2434 432 2521; x_wconf 86' lang='lat' dir='ltr'><strong>gregis’</strong></span> <span class='ocrx_word' id='word_1_167' title='bbox 462 2435 542 2499; x_wconf 86' lang='lat' dir='ltr'><strong>dixit</strong></span> <span class='ocrx_word' id='word_1_168' title='bbox 559 2434 620 2498; x_wconf 87' lang='lat' dir='ltr'><strong>“fit</strong></span> <span class='ocrx_word' id='word_1_169' title='bbox 636 2433 790 2520; x_wconf 87' lang='lat' dir='ltr'><strong>luppiter,</strong></span> <span class='ocrx_word' id='word_1_170' title='bbox 808 2433 892 2497; x_wconf 89' lang='lat' dir='ltr'><strong>unde</strong></span> <span class='ocrx_word' id='word_1_171' title='bbox 909 2432 1049 2498; x_wconf 88' lang='lat' dir='ltr'><strong>recurvis</strong></span> 
     </span>
    </p>

    <p class='ocr_par' dir='ltr' id='par_1_24' title="bbox 137 2517 1175 2605">
     <span class='ocr_line' id='line_1_27' title="bbox 137 2517 1175 2605; baseline -0.003 -19"><span class='ocrx_word' id='word_1_172' title='bbox 137 2543 224 2586; x_wconf 90' lang='lat' dir='ltr'><strong>nuno</strong></span> <span class='ocrx_word' id='word_1_173' title='bbox 241 2542 369 2605; x_wconf 90' lang='lat' dir='ltr'><strong>qnoque</strong></span> <span class='ocrx_word' id='word_1_174' title='bbox 386 2520 541 2585; x_wconf 83' lang='lat' dir='ltr'><strong>formatus</strong></span> <span class='ocrx_word' id='word_1_175' title='bbox 557 2519 660 2604; x_wconf 86' lang='lat' dir='ltr'><strong>Libys</strong></span> <span class='ocrx_word' id='word_1_176' title='bbox 678 2530 728 2584; x_wconf 90' lang='lat' dir='ltr'><strong>est</strong></span> <span class='ocrx_word' id='word_1_177' title='bbox 743 2540 817 2583; x_wconf 89' lang='lat' dir='ltr'><strong>cum</strong></span> <span class='ocrx_word' id='word_1_178' title='bbox 834 2517 982 2583; x_wconf 89' lang='lat' dir='ltr'><strong>cornibus</strong></span> <span class='ocrx_word' id='word_1_179' title='bbox 999 2519 1175 2596; x_wconf 83' lang='lat' dir='ltr'><strong>Hammon3</strong></span> 
     </span>
    </p>

    <p class='ocr_par' dir='ltr' id='par_1_25' title="bbox 137 2602 845 2691">
     <span class='ocr_line' id='line_1_28' title="bbox 137 2602 845 2691; baseline -0.003 -21"><span class='ocrx_word' id='word_1_180' title='bbox 137 2606 252 2672; x_wconf 88' lang='lat' dir='ltr'><strong>Delius</strong></span> <span class='ocrx_word' id='word_1_181' title='bbox 269 2606 302 2670; x_wconf 90' lang='lat' dir='ltr'><strong>in</strong></span> <span class='ocrx_word' id='word_1_182' title='bbox 319 2626 425 2683; x_wconf 89' lang='lat' dir='ltr'><strong>corvo,</strong></span> <span class='ocrx_word' id='word_1_183' title='bbox 442 2605 547 2691; x_wconf 85' lang='lat' dir='ltr'><strong>proles</strong></span> <span class='ocrx_word' id='word_1_184' title='bbox 564 2602 723 2671; x_wconf 74' lang='lat' dir='ltr'><strong>semelen</strong></span> <span class='ocrx_word' id='word_1_185' title='bbox 739 2625 845 2689; x_wconf 89' lang='lat' dir='ltr'><strong>capro,</strong></span> 
     </span>
    </p>

    <p class='ocr_par' dir='ltr' id='par_1_26' title="bbox 137 2687 1228 2767">
     <span class='ocr_line' id='line_1_29' title="bbox 137 2687 1228 2767; baseline 0.003 -12"><span class='ocrx_word' id='word_1_186' title='bbox 137 2691 201 2758; x_wconf 84' lang='lat' dir='ltr'><strong>fele</strong></span> <span class='ocrx_word' id='word_1_187' title='bbox 218 2713 307 2757; x_wconf 92' lang='lat' dir='ltr'><strong>soror</strong></span> <span class='ocrx_word' id='word_1_188' title='bbox 322 2691 462 2766; x_wconf 89' lang='lat' dir='ltr'><strong>Phoebi,</strong></span> <span class='ocrx_word' id='word_1_189' title='bbox 479 2690 573 2755; x_wconf 87' lang='lat' dir='ltr'><strong>niven</strong></span> <span class='ocrx_word' id='word_1_190' title='bbox 590 2687 743 2756; x_wconf 84' lang='lat' dir='ltr'><strong>Saturnia</strong></span> <span class='ocrx_word' id='word_1_191' title='bbox 759 2711 867 2767; x_wconf 85' lang='lat' dir='ltr'><strong>vacca,</strong></span> <span class='ocrx_word' id='word_1_192' title='bbox 1177 2710 1228 2761; x_wconf 87' lang='grc'><strong>333</strong></span> 
     </span>
    </p>

    <p class='ocr_par' dir='ltr' id='par_1_27' title="bbox 137 2771 901 2928">
     <span class='ocr_line' id='line_1_30' title="bbox 137 2771 879 2927; baseline -0.005 -84"><span class='ocrx_word' id='word_1_193' title='bbox 137 2778 224 2927; x_wconf 72' lang='lat' dir='ltr'><strong>pisce</strong></span> <span class='ocrx_word' id='word_1_194' title='bbox 242 2778 354 2843; x_wconf 89' lang='lat' dir='ltr'><strong>Venus</strong></span> <span class='ocrx_word' id='word_1_195' title='bbox 371 2775 478 2853; x_wconf 88' lang='lat' dir='ltr'><strong>latuit,</strong></span> <span class='ocrx_word' id='word_1_196' title='bbox 497 2771 662 2860; x_wconf 84' lang='lat' dir='ltr'><strong>Cyllenius</strong></span> <span class='ocrx_word' id='word_1_197' title='bbox 679 2775 774 2839; x_wconf 90' lang='lat' dir='ltr'><strong>ibidis</strong></span> <span class='ocrx_word' id='word_1_198' title='bbox 790 2774 879 2839; x_wconf 86' lang='lat' dir='ltr'><strong>alis.&#39;&#39;</strong></span> 
     </span>
     <span class='ocr_line' id='line_1_31' title="bbox 160 2861 901 2928; baseline -0.007 0"><span class='ocrx_word' id='word_1_199' title='bbox 160 2873 291 2928; x_wconf 88' lang='lat' dir='ltr'><strong>actenus</strong></span> <span class='ocrx_word' id='word_1_200' title='bbox 307 2861 350 2927; x_wconf 89' lang='lat' dir='ltr'><strong>ad</strong></span> <span class='ocrx_word' id='word_1_201' title='bbox 367 2861 520 2927; x_wconf 83' lang='lat' dir='ltr'><strong>citharam</strong></span> <span class='ocrx_word' id='word_1_202' title='bbox 536 2861 659 2926; x_wconf 89' lang='lat' dir='ltr'><strong>vocalia</strong></span> <span class='ocrx_word' id='word_1_203' title='bbox 675 2869 819 2925; x_wconf 88' lang='lat' dir='ltr'><strong>moverat</strong></span> <span class='ocrx_word' id='word_1_204' title='bbox 835 2880 901 2924; x_wconf 87' lang='lat' dir='ltr'><strong>ora</strong></span> 
     </span>
    </p>

    <p class='ocr_par' dir='ltr' id='par_1_28' title="bbox 137 2944 970 3035">
     <span class='ocr_line' id='line_1_32' title="bbox 137 2944 970 3035; baseline -0.004 -22"><span class='ocrx_word' id='word_1_205' title='bbox 137 2948 299 3035; x_wconf 90' lang='lat' dir='ltr'><strong>poscimur</strong></span> <span class='ocrx_word' id='word_1_206' title='bbox 315 2946 469 3012; x_wconf 90' lang='lat' dir='ltr'><strong>Aonides.</strong></span> <span class='ocrx_word' id='word_1_207' title='bbox 512 2945 570 3011; x_wconf 91' lang='lat' dir='ltr'><strong>sed</strong></span> <span class='ocrx_word' id='word_1_208' title='bbox 585 2945 719 3010; x_wconf 82' lang='lat' dir='ltr'><strong>forsitan</strong></span> <span class='ocrx_word' id='word_1_209' title='bbox 736 2944 801 3009; x_wconf 89' lang='lat' dir='ltr'><strong>otia</strong></span> <span class='ocrx_word' id='word_1_210' title='bbox 816 2965 879 3009; x_wconf 91' lang='lat' dir='ltr'><strong>non</strong></span> <span class='ocrx_word' id='word_1_211' title='bbox 897 2944 970 3020; x_wconf 88' lang='lat' dir='ltr'><strong>sint,</strong></span> 
     </span>
    </p>

    <p class='ocr_par' dir='ltr' id='par_1_29' title="bbox 139 3028 976 3119">
     <span class='ocr_line' id='line_1_33' title="bbox 139 3028 976 3119; baseline -0.005 -20"><span class='ocrx_word' id='word_1_212' title='bbox 139 3056 199 3099; x_wconf 90' lang='lat' dir='ltr'><strong>neo</strong></span> <span class='ocrx_word' id='word_1_213' title='bbox 216 3031 331 3098; x_wconf 87' lang='lat' dir='ltr'><strong>nostris</strong></span> <span class='ocrx_word' id='word_1_214' title='bbox 348 3031 500 3119; x_wconf 89' lang='lat' dir='ltr'><strong>praebere</strong></span> <span class='ocrx_word' id='word_1_215' title='bbox 518 3042 611 3097; x_wconf 87' lang='lat' dir='ltr'><strong>vacet</strong></span> <span class='ocrx_word' id='word_1_216' title='bbox 627 3029 686 3096; x_wconf 89' lang='lat' dir='ltr'><strong>tibi</strong></span> <span class='ocrx_word' id='word_1_217' title='bbox 702 3028 848 3095; x_wconf 84' lang='lat' dir='ltr'><strong>cantibus</strong></span> <span class='ocrx_word' id='word_1_218' title='bbox 865 3030 976 3095; x_wconf 81' lang='lat' dir='ltr'><strong>aures?</strong></span> 
     </span>
    </p>

    <p class='ocr_par' dir='ltr' id='par_1_30' title="bbox 139 3114 1228 3201">
     <span class='ocr_line' id='line_1_34' title="bbox 139 3114 1228 3201; baseline -0.005 -17"><span class='ocrx_word' id='word_1_219' title='bbox 139 3125 195 3184; x_wconf 90' lang='lat' dir='ltr'><strong>‘ne</strong></span> <span class='ocrx_word' id='word_1_220' title='bbox 212 3118 338 3196; x_wconf 88' lang='lat' dir='ltr'><strong>dubita,</strong></span> <span class='ocrx_word' id='word_1_221' title='bbox 356 3128 559 3201; x_wconf 89' lang='lat' dir='ltr'><strong>vestrumque</strong></span> <span class='ocrx_word' id='word_1_222' title='bbox 576 3115 655 3180; x_wconf 89' lang='lat' dir='ltr'><strong>mihi</strong></span> <span class='ocrx_word' id='word_1_223' title='bbox 672 3116 756 3181; x_wconf 78' lang='lat' dir='ltr'><strong>refer</strong></span> <span class='ocrx_word' id='word_1_224' title='bbox 772 3114 881 3180; x_wconf 89' lang='lat' dir='ltr'><strong>ordine</strong></span> <span class='ocrx_word' id='word_1_225' title='bbox 899 3115 1040 3180; x_wconf 87' lang='lat' dir='ltr'><strong>oormen&#39;</strong></span> <span class='ocrx_word' id='word_1_226' title='bbox 1178 3136 1228 3187; x_wconf 84' lang='grc'><strong>333</strong></span> 
     </span>
    </p>

    <p class='ocr_par' dir='ltr' id='par_1_31' title="bbox 138 3199 954 3287">
     <span class='ocr_line' id='line_1_35' title="bbox 138 3199 954 3287; baseline -0.007 -18"><span class='ocrx_word' id='word_1_227' title='bbox 138 3204 247 3269; x_wconf 88' lang='lat' dir='ltr'><strong>Pallas</strong></span> <span class='ocrx_word' id='word_1_228' title='bbox 265 3204 309 3269; x_wconf 87' lang='lat' dir='ltr'><strong>ait</strong></span> <span class='ocrx_word' id='word_1_229' title='bbox 327 3202 526 3287; x_wconf 83' lang='lat' dir='ltr'><strong>nemorisque</strong></span> <span class='ocrx_word' id='word_1_230' title='bbox 542 3202 606 3268; x_wconf 90' lang='lat' dir='ltr'><strong>levi</strong></span> <span class='ocrx_word' id='word_1_231' title='bbox 622 3200 765 3266; x_wconf 89' lang='lat' dir='ltr'><strong>consedit</strong></span> <span class='ocrx_word' id='word_1_232' title='bbox 780 3199 814 3265; x_wconf 90' lang='lat' dir='ltr'><strong>in</strong></span> <span class='ocrx_word' id='word_1_233' title='bbox 831 3199 954 3264; x_wconf 89' lang='lat' dir='ltr'><strong>umbra.</strong></span> 
     </span>
    </p>

    <p class='ocr_par' dir='ltr' id='par_1_32' title="bbox 139 3285 999 3354">
     <span class='ocr_line' id='line_1_36' title="bbox 139 3285 999 3354; baseline -0.003 0"><span class='ocrx_word' id='word_1_234' title='bbox 139 3289 239 3354; x_wconf 89' lang='lat' dir='ltr'><strong>Musa</strong></span> <span class='ocrx_word' id='word_1_235' title='bbox 255 3289 366 3354; x_wconf 88' lang='lat' dir='ltr'><strong>refert:</strong></span> <span class='ocrx_word' id='word_1_236' title='bbox 384 3288 545 3354; x_wconf 86' lang='lat' dir='ltr'><strong>‘dedimus</strong></span> <span class='ocrx_word' id='word_1_237' title='bbox 563 3309 720 3351; x_wconf 89' lang='lat' dir='ltr'><strong>summam</strong></span> <span class='ocrx_word' id='word_1_238' title='bbox 737 3285 916 3352; x_wconf 82' lang='lat' dir='ltr'><strong>certaminis</strong></span> <span class='ocrx_word' id='word_1_239' title='bbox 934 3285 999 3351; x_wconf 86' lang='lat' dir='ltr'><strong>uni.</strong></span> 
     </span>
    </p>

    <p class='ocr_par' dir='ltr' id='par_1_33' title="bbox 140 3371 894 3457">
     <span class='ocr_line' id='line_1_37' title="bbox 140 3371 894 3457; baseline -0.005 -18"><span class='ocrx_word' id='word_1_240' title='bbox 140 3397 194 3439; x_wconf 86' lang='lat' dir='ltr'><strong>sur</strong></span> <span class='ocrx_word' id='word_1_241' title='bbox 218 3375 242 3438; x_wconf 81' lang='lat' dir='ltr'><strong>‘t</strong></span> <span class='ocrx_word' id='word_1_242' title='bbox 258 3384 290 3439; x_wconf 90' lang='lat' dir='ltr'><strong>et</strong></span> <span class='ocrx_word' id='word_1_243' title='bbox 306 3373 463 3439; x_wconf 87' lang='lat' dir='ltr'><strong>immissos</strong></span> <span class='ocrx_word' id='word_1_244' title='bbox 480 3372 598 3438; x_wconf 87' lang='lat' dir='ltr'><strong>hedera</strong></span> <span class='ocrx_word' id='word_1_245' title='bbox 615 3372 747 3437; x_wconf 88' lang='lat' dir='ltr'><strong>collecta</strong></span> <span class='ocrx_word' id='word_1_246' title='bbox 764 3371 894 3457; x_wconf 81' lang='lat' dir='ltr'><strong>capillos</strong></span> 
     </span>
    </p>

    <p class='ocr_par' dir='ltr' id='par_1_34' title="bbox 142 3455 960 3544">
     <span class='ocr_line' id='line_1_38' title="bbox 142 3455 960 3544; baseline -0.006 -20"><span class='ocrx_word' id='word_1_247' title='bbox 142 3455 171 3524; x_wconf 82' lang='grc' dir='ltr'>Ο</span> <span class='ocrx_word' id='word_1_248' title='bbox 216 3458 286 3544; x_wconf 83' lang='lat' dir='ltr'><strong>&#39;ope</strong></span> <span class='ocrx_word' id='word_1_249' title='bbox 303 3459 451 3542; x_wconf 86' lang='lat' dir='ltr'><strong>querulas</strong></span> <span class='ocrx_word' id='word_1_250' title='bbox 467 3467 678 3544; x_wconf 87' lang='lat' dir='ltr'><strong>praetemptat</strong></span> <span class='ocrx_word' id='word_1_251' title='bbox 695 3456 810 3543; x_wconf 91' lang='lat' dir='ltr'><strong>pollice</strong></span> <span class='ocrx_word' id='word_1_252' title='bbox 827 3455 960 3521; x_wconf 87' lang='lat' dir='ltr'><strong>chordas</strong></span> 
     </span>
    </p>

    <p class='ocr_par' dir='ltr' id='par_1_35' title="bbox 141 3541 1230 3628">
     <span class='ocr_line' id='line_1_39' title="bbox 141 3541 1230 3628; baseline 0.001 -20"><span class='ocrx_word' id='word_1_253' title='bbox 141 3556 237 3627; x_wconf 86' lang='lat' dir='ltr'><strong>atque</strong></span> <span class='ocrx_word' id='word_1_254' title='bbox 254 3545 334 3608; x_wconf 86' lang='lat' dir='ltr'><strong>haec</strong></span> <span class='ocrx_word' id='word_1_255' title='bbox 350 3543 507 3628; x_wconf 87' lang='lat' dir='ltr'><strong>percussis</strong></span> <span class='ocrx_word' id='word_1_256' title='bbox 525 3541 689 3628; x_wconf 81' lang='lat' dir='ltr'><strong>subiungit</strong></span> <span class='ocrx_word' id='word_1_257' title='bbox 706 3541 846 3607; x_wconf 89' lang='lat' dir='ltr'><strong>carmina</strong></span> <span class='ocrx_word' id='word_1_258' title='bbox 862 3541 978 3606; x_wconf 90' lang='lat' dir='ltr'><strong>nervis.</strong></span> <span class='ocrx_word' id='word_1_259' title='bbox 1178 3562 1230 3612; x_wconf 84' lang='grc'><strong>343</strong></span> 
     </span>
    </p>

    <p class='ocr_par' dir='ltr' id='par_1_36' title="bbox 141 3624 1231 3714">
     <span class='ocr_line' id='line_1_40' title="bbox 141 3624 1231 3714; baseline -0.001 -22"><span class='ocrx_word' id='word_1_260' title='bbox 141 3629 268 3714; x_wconf 87' lang='lat' dir='ltr'><strong>“prima</strong></span> <span class='ocrx_word' id='word_1_261' title='bbox 286 3624 384 3694; x_wconf 84' lang='lat' dir='ltr'><strong>Ceres</strong></span> <span class='ocrx_word' id='word_1_262' title='bbox 401 3649 484 3693; x_wconf 90' lang='lat' dir='ltr'><strong>unco</strong></span> <span class='ocrx_word' id='word_1_263' title='bbox 523 3627 648 3694; x_wconf 86' lang='lat' dir='ltr'><strong>laebam</strong></span> <span class='ocrx_word' id='word_1_264' title='bbox 665 3626 798 3693; x_wconf 86' lang='lat' dir='ltr'><strong>dimovit</strong></span> <span class='ocrx_word' id='word_1_265' title='bbox 814 3638 928 3703; x_wconf 86' lang='lat' dir='ltr'><strong>aratro,</strong></span> <span class='ocrx_word' id='word_1_266' title='bbox 1027 3625 1231 3706; x_wconf 53' lang='grc'>1033391110·</span> 
     </span>
    </p>

    <p class='ocr_par' dir='ltr' id='par_1_37' title="bbox 140 3651 1186 3799">
     <span class='ocr_line' id='line_1_41' title="bbox 140 3651 1186 3799; baseline -0.002 -22"><span class='ocrx_word' id='word_1_267' title='bbox 140 3714 243 3799; x_wconf 89' lang='lat' dir='ltr'><strong>prima</strong></span> <span class='ocrx_word' id='word_1_268' title='bbox 260 3714 348 3779; x_wconf 89' lang='lat' dir='ltr'><strong>dedit</strong></span> <span class='ocrx_word' id='word_1_269' title='bbox 363 3712 474 3799; x_wconf 87' lang='lat' dir='ltr'><strong>fruges</strong></span> <span class='ocrx_word' id='word_1_270' title='bbox 490 3651 704 3797; x_wconf 66' lang='lat' dir='ltr'><strong>dimentaque</strong></span> <span class='ocrx_word' id='word_1_271' title='bbox 719 3711 809 3777; x_wconf 87' lang='lat' dir='ltr'><strong>mitia</strong></span> <span class='ocrx_word' id='word_1_272' title='bbox 825 3712 927 3789; x_wconf 88' lang='lat' dir='ltr'><strong>terris,</strong></span> <span class='ocrx_word' id='word_1_273' title='bbox 1062 3697 1186 3763; x_wconf 50' lang='lat' dir='ltr'><strong>mm)</strong></span> 
     </span>
    </p>

    <p class='ocr_par' dir='ltr' id='par_1_38' title="bbox 141 3795 971 3901">
     <span class='ocr_line' id='line_1_42' title="bbox 141 3795 971 3901; baseline 0.002 -39"><span class='ocrx_word' id='word_1_274' title='bbox 141 3798 244 3901; x_wconf 86' lang='lat' dir='ltr'><strong>prima</strong></span> <span class='ocrx_word' id='word_1_275' title='bbox 260 3798 347 3865; x_wconf 89' lang='lat' dir='ltr'><strong>dedit</strong></span> <span class='ocrx_word' id='word_1_276' title='bbox 363 3799 466 3899; x_wconf 75' lang='lat' dir='ltr'><strong>leges:</strong></span> <span class='ocrx_word' id='word_1_277' title='bbox 485 3795 611 3864; x_wconf 83' lang='lat' dir='ltr'><strong>Cereris</strong></span> <span class='ocrx_word' id='word_1_278' title='bbox 628 3809 703 3864; x_wconf 89' lang='lat' dir='ltr'><strong>sunt</strong></span> <span class='ocrx_word' id='word_1_279' title='bbox 719 3796 827 3864; x_wconf 85' lang='lat' dir='ltr'><strong>omnia</strong></span> <span class='ocrx_word' id='word_1_280' title='bbox 843 3818 971 3864; x_wconf 81' lang='lat' dir='ltr'><strong>munus.</strong></span> 
     </span>
    </p>

    <p class='ocr_par' dir='ltr' id='par_1_39' title="bbox 140 3882 1064 3967">
     <span class='ocr_line' id='line_1_43' title="bbox 140 3882 1064 3967; baseline -0.004 -17"><span class='ocrx_word' id='word_1_281' title='bbox 140 3884 196 3950; x_wconf 90' lang='lat' dir='ltr'><strong>rlla</strong></span> <span class='ocrx_word' id='word_1_282' title='bbox 212 3884 355 3949; x_wconf 88' lang='lat' dir='ltr'><strong>canenda</strong></span> <span class='ocrx_word' id='word_1_283' title='bbox 370 3883 449 3949; x_wconf 84' lang='lat' dir='ltr'><strong>mrhi</strong></span> <span class='ocrx_word' id='word_1_284' title='bbox 465 3893 523 3949; x_wconf 87' lang='lat' dir='ltr'><strong>est.</strong></span> <span class='ocrx_word' id='word_1_285' title='bbox 566 3883 687 3948; x_wconf 86' lang='lat' dir='ltr'><strong>utinam</strong></span> <span class='ocrx_word' id='word_1_286' title='bbox 705 3882 799 3948; x_wconf 91' lang='lat' dir='ltr'><strong>modo</strong></span> <span class='ocrx_word' id='word_1_287' title='bbox 817 3882 921 3947; x_wconf 91' lang='lat' dir='ltr'><strong>dicere</strong></span> <span class='ocrx_word' id='word_1_288' title='bbox 938 3903 1064 3967; x_wconf 92' lang='lat' dir='ltr'><strong>possem</strong></span> 
     </span>
    </p>

    <p class='ocr_par' dir='ltr' id='par_1_40' title="bbox 141 3967 1230 4070">
     <span class='ocr_line' id='line_1_44' title="bbox 141 3967 1230 4070; baseline -0.001 -34"><span class='ocrx_word' id='word_1_289' title='bbox 141 3970 282 4037; x_wconf 86' lang='lat' dir='ltr'><strong>carmine</strong></span> <span class='ocrx_word' id='word_1_290' title='bbox 299 3969 397 4055; x_wconf 87' lang='lat' dir='ltr'><strong>digna</strong></span> <span class='ocrx_word' id='word_1_291' title='bbox 414 3967 488 4034; x_wconf 87' lang='lat' dir='ltr'><strong>deal</strong></span> <span class='ocrx_word' id='word_1_292' title='bbox 517 3980 601 4034; x_wconf 88' lang='lat' dir='ltr'><strong>certe</strong></span> <span class='ocrx_word' id='word_1_293' title='bbox 618 3969 679 4034; x_wconf 89' lang='lat' dir='ltr'><strong>dea</strong></span> <span class='ocrx_word' id='word_1_294' title='bbox 696 3967 835 4033; x_wconf 88' lang='lat' dir='ltr'><strong>carmine</strong></span> <span class='ocrx_word' id='word_1_295' title='bbox 852 3967 949 4070; x_wconf 77' lang='lat' dir='ltr'><strong>digna</strong></span> <span class='ocrx_word' id='word_1_296' title='bbox 966 3979 1024 4033; x_wconf 88' lang='lat' dir='ltr'><strong>est.</strong></span> <span class='ocrx_word' id='word_1_297' title='bbox 1179 3984 1230 4037; x_wconf 75' lang='grc'><strong>343</strong></span> 
     </span>
    </p>

    <p class='ocr_par' dir='ltr' id='par_1_41' title="bbox 141 4052 1227 4140">
     <span class='ocr_line' id='line_1_45' title="bbox 141 4052 1227 4140; baseline 0 -17"><span class='ocrx_word' id='word_1_298' title='bbox 141 4067 233 4127; x_wconf 86' lang='lat' dir='ltr'><strong>vasta</strong></span> <span class='ocrx_word' id='word_1_299' title='bbox 250 4053 418 4140; x_wconf 84' lang='lat' dir='ltr'><strong>Giganteis</strong></span> <span class='ocrx_word' id='word_1_300' title='bbox 440 4055 561 4136; x_wconf 85' lang='lat' dir='ltr'><strong>iniecta</strong></span> <span class='ocrx_word' id='word_1_301' title='bbox 577 4066 625 4122; x_wconf 90' lang='lat' dir='ltr'><strong>est</strong></span> <span class='ocrx_word' id='word_1_302' title='bbox 640 4053 745 4121; x_wconf 90' lang='lat' dir='ltr'><strong>insula</strong></span> <span class='ocrx_word' id='word_1_303' title='bbox 760 4052 931 4133; x_wconf 53' lang='lat' dir='ltr'><strong>membns,</strong></span> <span class='ocrx_word' id='word_1_304' title='bbox 1222 4124 1227 4131; x_wconf 81' lang='grc'>,</span> 
     </span>
    </p>

    <p class='ocr_par' dir='ltr' id='par_1_42' title="bbox 192 4147 1109 4212">
     <span class='ocr_line' id='line_1_46' title="bbox 192 4147 1109 4212; baseline -0.01 -6"><span class='ocrx_word' id='word_1_305' title='bbox 192 4156 259 4206; x_wconf 81' lang='lat' dir='ltr'><strong>ono</strong></span> <span class='ocrx_word' id='word_1_306' title='bbox 269 4154 347 4201; x_wconf 72' lang='lat' dir='ltr'><strong>atu</strong></span> <span class='ocrx_word' id='word_1_307' title='bbox 976 4150 993 4212; x_wconf 83' lang='grc'><strong>3</strong></span> <span class='ocrx_word' id='word_1_308' title='bbox 1106 4147 1109 4150; x_wconf 67' lang='grc'>“</span> 
     </span>
    </p>
   </div>
   <div class='ocr_carea' id='block_1_6' title="bbox 0 0 1414 4500">
    <p class='ocr_par' dir='ltr' id='par_1_43' title="bbox 0 0 1414 4500">
     <span class='ocr_line' id='line_1_47' title="bbox 0 0 1414 4500; baseline 0 0"><span class='ocrx_word' id='word_1_309' title='bbox 0 0 1414 4500; x_wconf 95' lang='lat' dir='ltr'><strong> </strong></span> 
     </span>
    </p>
   </div>
  </div>
 </body>
</html>
