2800 4500
254 213 296 280 66
585 225 617 280 P.
638 223 763 282 OVlDII
779 223 942 281 NASONIS

254 371 317 434 quo
335 347 428 414 simul
444 346 586 424 intravit,
604 369 756 432 sacroque
774 372 794 413 a
810 369 941 432 corpore
958 369 1102 433 pressum

253 434 408 522 ingemuit
424 434 533 505 hmen‚
551 433 611 498 tria
629 430 790 498 Cerberus
807 433 920 498 extulit
937 454 993 496 ora

186 540 237 591 450
255 533 287 586 50
303 531 367 585 tres
384 520 516 584 latratus
534 518 627 583 simul
644 518 753 584 edidit.
795 518 850 583 illa
867 539 989 583 sorores

253 606 354 671 Nocte
371 614 464 670 vocat
480 603 618 689 genitas,
635 626 734 689 grave
751 614 783 668 et
799 602 997 689 implacabile
1014 625 1131 667 numen
1148 638 1192 651 -

254 690 387 756 carceris
405 700 478 754 ante
495 689 579 755 fores
597 691 721 754 clausas
739 689 907 754 adamante
925 688 1077 753 sedebant

254 777 357 860 deque
374 775 440 839 suis
457 786 542 839 atros
557 774 728 859 pectebant
745 774 883 839 crinibus
900 795 1021 858 angues
1037 797 1094 837 -ε

254 884 349 945 quam
367 860 461 924 simul
478 871 636 945 agnorunt
653 859 736 924 inter
753 859 895 945 caliginis
912 859 1052 936 umbras,

185 965 235 1015 455
254 967 417 1011 surrexere
435 945 523 1010 deae.
567 946 658 1010 sedes
676 942 837 1010 Scelerata
853 955 993 1010 vocatur.

253 1032 374 1097 viscera
389 1030 563 1116 praebebat
579 1030 690 1115 Tityos
707 1029 871 1107 lanianda,
888 1051 1066 1111 novemque

253 1117 415 1203 iugeribus
434 1115 587 1180 distentus
605 1126 686 1180 erat:
704 1114 777 1191 tibi,
794 1115 942 1192 Tantale,
959 1114 1065 1179 nullae

254 1203 491 1287 deprenduntur
508 1222 624 1284 aquae,
642 1222 788 1283 quaeque
805 1201 961 1278 imminet,
979 1200 1093 1285 effugit
1110 1200 1217 1267 arbor:

254 1298 309 1351 aut
325 1287 406 1387 petis
424 1296 480 1349 aut
496 1308 592 1370 urges
609 1286 798 1363 rediturum,
817 1284 970 1370 Sisyphe,
987 1308 1115 1351 saxum:

185 1391 237 1441 400
254 1372 391 1437 volvitur
407 1371 499 1435 Ixion
517 1381 549 1435 et
566 1392 599 1435 se
617 1371 822 1454 sequiturque
840 1370 1000 1456 fugitque:

253 1456 418 1540 molirique
437 1456 501 1520 suis
518 1456 616 1521 letum
632 1455 829 1542 patruelibus
846 1478 943 1520 ausae

254 1541 399 1606 assiduae
416 1551 576 1627 repetunt,
594 1561 673 1623 quas
690 1541 839 1626 perdant,
856 1540 985 1606 Belides
1003 1541 1115 1608 undas.

254 1648 334 1710 quos
351 1648 460 1691 omnes
477 1626 544 1692 acie
561 1637 731 1711 postquam
749 1625 899 1693 Saturnia
916 1637 1006 1691 torva

253 1712 347 1790 vidit,
365 1722 397 1776 50
414 1722 488 1776 5505
504 1733 613 1776 omnes
630 1711 757 1786 Ixiona,
775 1734 883 1776 rursus
901 1711 1014 1776 abillo

186 1816 237 1865 405
256 1796 415 1882 Sisyphon
433 1797 589 1882 aspiciens
607 1803 679 1861 ‘cur
695 1796 747 1861 hic
764 1818 783 1862 e
799 1794 963 1861 fratribus'
980 1797 1084 1881 inquit

255 1889 438 1969 ‘perpetuas
455 1883 574 1967 patitur
589 1903 723 1967 poenas,
740 1880 937 1947 Athamanta
953 1883 1125 1967 superbum

253 1968 342 2053 regia
359 1967 448 2032 dives
466 1966 574 2044 habet,
593 1967 647 2050 qui
664 1988 717 2032 me
735 1988 808 2032 cum
825 1967 960 2052 coniuge
978 1990 1104 2053 semper

254 2052 404 2138 sprevitl'
423 2064 455 2117 et
472 2052 602 2137 exponit
619 2073 732 2117 causas
749 2052 876 2135 odiique
893 2051 1036 2136 viaeque,

253 2138 393 2222 quidque
410 2136 495 2202 velit.
539 2137 625 2221 quod
642 2138 751 2215 vellet,
769 2148 850 2213 erat,
868 2160 908 2203 55
924 2138 1014 2224 regia
1031 2135 1147 2203 Cadmi

184 2242 236 2292 470
254 2234 363 2301 staret,
382 2233 414 2289 et
430 2223 463 2288 in
480 2222 604 2288 facinus
621 2223 781 2290 traherent
798 2223 996 2289 Athamanta
1012 2245 1144 2290 sorores.

252 2309 435 2395 imperium,
452 2309 621 2394 promissa,
638 2330 749 2393 preces
767 2309 932 2375 confundit
948 2309 982 2374 in
999 2332 1099 2375 unum

252 2394 460 2478 sollicitatque
478 2394 564 2458 deas.
608 2394 654 2459 sic
671 2393 750 2459 haec
767 2394 890 2460 Iunone
906 2395 1022 2472 locuta,

252 2477 427 2580 Tisiphone
444 2500 555 2553 canos,
572 2489 608 2544 ut
625 2490 707 2555 erat,
724 2479 851 2545 turbata
868 2480 997 2565 capillos

251 2575 352 2629 movrt
368 2575 400 2629 et
417 2563 578 2629 obstantes
595 2563 704 2630 reiecit
721 2566 762 2628 ab
780 2586 834 2630 ore
851 2565 997 2630 colubras

183 2668 233 2718 tta
252 2661 347 2732 atque
364 2648 409 2713 ita
425 2655 503 2714 ‘uon
520 2649 624 2734 longis
642 2671 723 2735 opus
740 2662 788 2716 est
805 2650 1008 2736 ambagibus'
1025 2650 1143 2734 inquitt

252 2734 351 2800 ‘facta
368 2745 460 2820 puta,
479 2755 698 2819 quaecumque
715 2735 820 2800 iubes:
837 2735 1006 2801 inamabile
1023 2760 1156 2821 regnum

252 2821 363 2886 desere
380 2829 475 2904 teque
492 2820 577 2885 refer
594 2820 673 2886 caeli
689 2820 828 2885 melioris
845 2820 887 2886 ad
903 2822 1017 2886 auras?

250 2906 335 2970 laeta
351 2905 433 2970 redit
450 2906 542 2970 Iuno.
585 2926 683 2989 quam
700 2907 823 2971 caelum
841 2906 957 2971 intrare
974 2918 1140 2992 parantem

250 2990 363 3056 roratis
379 2990 525 3055 lustravit
541 2991 632 3074 aquis
649 2991 878 3057 Thaumantias
896 2991 966 3056 Iris.

182 3096 235 3148 480
253 3098 312 3141 nec
329 3097 432 3152 mora,
450 3075 624 3161 Tisiphone
641 3076 853 3142 madefactam
871 3077 1024 3161 sanguine
1042 3077 1137 3142 sumit

249 3161 564 3310 importuna'facem
581 3161 743 3243 fluidoque
761 3182 871 3227 cruore
888 3162 1055 3227 rubentem

249 3247 282 3310 in
306 3245 392 3310 uitur
407 3246 526 3330 pallam
543 3256 689 3329 tortoque
706 3246 879 3332 incingitur
895 3269 1000 3332 angue

250 3330 474 3416 egrediturque
491 3330 595 3395 domo.
639 3330 764 3396 Luctus
782 3331 949 3396 comitatur
965 3343 1094 3399 euntem

251 3427 283 3479 et
299 3414 407 3480 Pavor
423 3426 456 3481 et
472 3415 590 3480 Terror
606 3415 793 3500 trepidoque
809 3415 938 3480 Insania
955 3417 1054 3483 vultu.

182 3519 233 3569 485
250 3500 357 3565 limine
375 3500 566 3566 constiterat.
609 3511 716 3585 postes
733 3500 898 3566 tremuisse
915 3501 1061 3568 feruntur

250 3584 370 3661 Aeolii,
388 3585 552 3670 pallorque
568 3585 653 3650 fores
670 3585 780 3658 infecit
798 3585 958 3659 Avernus,

250 3671 360 3752 solque
377 3670 483 3736 locum
501 3670 594 3756 fugit.
637 3671 784 3736 monstris
802 3675 951 3738 exterrita
967 3672 1115 3751 coniunx,

250 3754 376 3819 territus
394 3765 443 3820 est
459 3755 628 3823 Athamas.
648 3766 796 3839 tectoque
813 3756 898 3822 exire
915 3758 1085 3842 parabant:

215 3881 216 3884 =
249 3839 371 3904 obstitit
387 3839 497 3905 infelix
515 3840 700 3925 aditumque
717 3841 842 3907 obsedit
858 3842 986 3928 Erinys,

181 3945 233 3998 sao
248 3946 394 4007 nexaque
410 3925 546 4009 vipereis
564 3926 745 3992 distendens
763 3927 911 3993 bracchia
926 3928 1017 3993 nodis

251 4010 422 4078 caesariem
439 4010 587 4077 excussit.
630 4022 735 4080 motae
752 4034 886 4081 sonuere
904 4013 1067 4082 colubrae:
