2800 4500
231 242 253 313 6
566 251 600 312 Ρ.
619 252 744 314 OVIDII
760 248 923 313 NASONIS

164 404 214 454 210
231 380 317 467 quod
335 391 441 447 tamen
458 377 646 457 admissum,
662 400 746 464 quae
763 378 803 444 sit
821 378 975 457 vindicta,
993 375 1124 447 docebo.

232 467 409 554 contigerat
425 478 548 532 nostras
565 465 698 530 infamia
715 465 866 551 temporis
883 487 990 531 aures:

231 577 328 638 quam
347 551 477 639 cupiens
495 553 623 628 falsam,
641 572 766 616 summo
785 551 916 616 delabor
932 549 1075 636 Olympo

232 652 264 706 et
282 640 359 705 deus
377 639 516 703 humana
532 638 632 702 lustro
649 636 710 701 sub
728 636 866 722 imagine
883 647 993 700 terras.

231 725 328 811 longa
344 746 434 789 mora
450 735 512 799 est,
530 734 684 806 quantum
701 745 804 786 noxae
822 722 862 786 sit
879 721 997 806 ubique
1014 732 1184 808 repertum,

166 830 215 879 215
233 833 430 876 enumerare:
448 809 551 873 minor
567 808 629 874 fuit
645 808 715 894 ipsa
731 806 863 872 infamia
879 829 965 873 vero.
1252 876 1253 881 η

231 896 384 962 Maenala
400 895 586 960 transieram
602 893 731 959 latebris
749 892 905 959 horrenda
921 892 1061 958 ferarum
1116 904 1255 978 (Lycaon.)

233 994 354 1048 etcum
373 978 506 1061 Cyllene
546 978 619 1044 elidi
637 977 744 1063 pineta
760 975 892 1064 Lycaei.

119 1101 123 1109 ¹
232 1066 368 1133 Arcadis
389 1068 464 1132 hinc
486 1002 577 1130 sedes
595 1076 627 1131 et
643 1063 803 1148 inhospita
821 1076 904 1129 tecta
921 1064 1046 1150 tyranni

233 1152 404 1238 ingredior,
422 1150 584 1216 traherent
601 1171 674 1215 oum
691 1171 762 1214 sera
779 1151 965 1234 crepuscula
981 1152 1117 1216 noctem.

116 1322 118 1326 ,
166 1259 216 1310 220
234 1238 326 1325 signa
343 1237 430 1314 dedi,
448 1236 571 1301 venisse
588 1234 897 1384 deum,·vulgusqqe
914 1234 1034 1320 precari

235 1333 390 1409 coeperat.
433 1321 542 1385 irridet
558 1320 660 1406 primo
712 1343 732 1384 a
749 1332 823 1385 vota
869 1342 983 1406 ymon,

234 1432 309 1474 mox
327 1408 372 1473 ait
389 1406 569 1491 “experiar,
587 1406 665 1471 deus
677 1343 750 1482 bic,
768 1406 948 1471 discrimine
966 1417 1085 1492 aperto,

180 1540 182 1546 ,
234 1518 277 1560 an
294 1494 334 1559 sit
350 1492 500 1558 mortalis.
544 1513 603 1557 nee
621 1490 680 1556 erit
697 1490 871 1556 dubitabile
888 1492 1046 1556 verum.”‘

234 1591 327 1646 nocte
343 1601 476 1665 gravem
492 1598 602 1643 somno
621 1576 777 1663 necopina
793 1575 925 1661 perdere
942 1588 1043 1643 morte

171 1682 219 1729 225
239 1692 290 1733 me
307 1679 410 1753 parat:
432 1666 512 1731 haec
529 1666 575 1730 illi
591 1666 694 1750 placet
712 1661 906 1749 experientia
923 1659 1002 1726 veril

237 1777 296 1819 nec
314 1764 478 1818 contentus
495 1773 533 1816 eo
543 1762 615 1817 est:
637 1749 725 1814 missi
743 1750 896 1833 degente
912 1746 1056 1810 Molossa

235 1836 354 1901 obsidis
372 1833 466 1899 unius
482 1834 628 1920 iugulum
646 1854 797 1898 mucrone
813 1833 952 1911 resolvit,

237 1933 333 2004 atque
350 1920 395 1985 ita
412 1920 584 1985 semineces
600 1917 717 2004 partim
733 1918 928 1984 ferventibus
945 1930 1032 1983 artus

236 2006 338 2071 mollit
355 2006 460 2090 aquis,
477 2005 591 2091 partim
608 2003 751 2070 subiecto
768 2004 880 2070 torruit
894 2003 972 2105 igni.

169 2116 220 2167 230
237 2114 318 2176 quos
336 2091 429 2157 simul
446 2091 595 2176 imposuit
612 2089 744 2166 mensis,
762 2109 822 2174 ego
839 2089 964 2155 vindrce
981 2090 1109 2154 flamma

238 2177 270 2241 in
289 2177 415 2241 domino
433 2176 546 2263 dignos
564 2177 663 2242 everti
679 2185 764 2240 tecta
779 2175 928 2240 Penates.

236 2262 363 2330 territus
380 2264 448 2349 ipse
466 2264 564 2349 fugit,
580 2272 757 2345 nactusque
774 2261 899 2327 silentia
915 2260 997 2326 ruris

237 2349 378 2415 exululat
394 2349 575 2432 frustraque
592 2345 680 2430 loqui
698 2358 839 2411 conatur.
882 2347 924 2411 ab
941 2346 1011 2432 ipso

236 2434 356 2519 colligit
373 2455 408 2499 os
425 2433 560 2510 rabiem,
578 2432 753 2515 solitaeque
770 2432 918 2517 cupidine
935 2430 1040 2498 caedis

169 2543 219 2592 235
236 2520 370 2584 vertitur
385 2518 419 2583 in
436 2518 575 2605 pecudes
592 2528 624 2584 et
640 2538 726 2582 nunc
743 2538 870 2601 quoque
887 2517 1042 2603 sanguine
1059 2514 1188 2601 gaudet

236 2604 269 2668 in
287 2605 378 2669 villos
394 2604 512 2669 abeunt
529 2613 648 2679 vestes,
664 2601 699 2667 in
716 2624 809 2667 crura
824 2603 947 2668 lacerti:

236 2690 272 2755 fit
289 2690 383 2790 lupus
401 2702 433 2754 et
450 2688 565 2754 veteris
582 2698 687 2754 servat
704 2687 839 2773 vestigia
855 2688 985 2754 formae.

237 2775 367 2841 canities
385 2775 496 2841 eadem
514 2785 575 2852 cst,
592 2773 705 2840 eadem
722 2772 872 2839 violentia
887 2774 1007 2850 vultus,

236 2860 321 2925 idem
339 2860 422 2925 oculi
439 2860 560 2941 lucent,
578 2859 690 2925 eadem
707 2858 841 2924 feritatis
857 2860 965 2946 imago
982 2869 1040 2924 est.

170 2970 220 3019 240
237 2945 352 3012 occidit
368 2968 433 3011 una
450 2945 577 3011 domus:
596 2944 734 3010 sednon
752 2945 865 3010 domus
882 2967 947 3010 una
962 2944 1066 3031 perire

237 3031 335 3118 digna
350 3030 412 3097 fuit
427 3067 472 3078 -
487 3052 553 3116 qua
568 3041 653 3096 terra
669 3039 771 3116 patet,
789 3029 858 3095 fera
874 3042 988 3117 regnat
1004 3028 1133 3113 Erinys.

236 3117 269 3182 in
286 3116 409 3181 facinus
426 3117 547 3182 iurasse
564 3126 666 3202 putes.
710 3115 786 3181 dent
802 3115 890 3181 ocius
908 3137 1029 3193 onmes,

237 3223 316 3287 quas
333 3224 477 3268 meruere
493 3200 560 3287 pati
577 3199 638 3283 (sio
655 3212 718 3265 stat
733 3201 912 3285 sententia),
930 3198 1069 3287 poenas?

274 3285 371 3352 Dicta
379 3287 466 3352 Iovis
476 3309 549 3373 pars
558 3308 636 3351 voce
645 3287 780 3372 probant
788 3286 995 3371 stimulosque
1003 3281 1151 3351 frementi
1178 3281 1257 3363 noa-

170 3395 220 3443 245
237 3372 390 3448 adiciunt,
409 3372 462 3437 alii
479 3382 584 3457 partes
601 3371 781 3436 assensibus
798 3372 941 3458 implent.
1179 3366 1256 3403 ’Μ

238 3468 407 3522 esttamen
425 3457 556 3522 humani
572 3455 697 3542 generis
715 3456 837 3522 iactura
854 3456 955 3522 dolori

237 3541 397 3620 omnibus,
414 3553 460 3620 et,
478 3564 560 3627 quae
577 3541 619 3607 sit
635 3553 737 3607 terrae
754 3542 939 3607 mortalibus
956 3542 1052 3608 orbae

236 3627 340 3692 forma
355 3628 476 3705 futura,
494 3638 621 3713 rogant3
639 3627 711 3711 quis
729 3628 769 3692 sit
784 3627 906 3693 laturus
923 3627 957 3692 in
974 3650 1046 3692 aras

237 3724 321 3790 tura3
339 3712 455 3779 ferisne
473 3724 562 3798 paret
579 3712 776 3799 populandas
794 3712 918 3779 tradere
934 3723 1045 3779 terras.

171 3819 221 3868 250
238 3797 314 3862 talia
330 3810 516 3881 quaerentes
534 3796 610 3880 (sibi
627 3797 712 3863 enim
729 3797 798 3863 fore
815 3809 921 3864 cetera
937 3798 1048 3898 curae)

237 3904 293 3947 rex
311 3905 459 3982 superum
477 3882 632 4033 tr'qpidare
650 3892 750 3959 vetat,
768 3882 974 3969 subolemque
991 3880 1087 3968 pnori

238 3967 421 4033 dissimilem
438 3990 501 4054 pop
536 3990 555 4033 o
571 3965 726 4054 promittit
741 3966 862 4053 origine
879 3969 968 4034 mira.

237 4053 364 4139 iamque
383 4054 499 4120 eratin
517 4064 597 4120 totas
616 4075 783 4141 sparsurus
800 4053 935 4119 fulmina
950 4064 1064 4120 terras:
