2800 4500
253 256 298 324 40
567 270 601 326 P.
620 270 745 328 0less
762 268 925 327 NASONIS

254 406 380 481 torquet
396 407 429 461 et
446 395 616 462 immensos
632 396 716 461 saltu
733 395 876 461 sinuatur
891 396 926 461 in
943 418 1045 473 arcus,

254 504 293 548 ac
309 481 415 547 media
430 482 502 567 plus
520 494 610 568 parte
626 482 714 548 leves
732 495 855 547 erectus
872 482 906 547 in
923 504 1016 546 auras

178 606 180 610 ,
255 567 387 653 despicit
404 589 497 632 omne
513 590 641 642 nemus,
658 579 810 651 tantoque
828 578 877 632 est
893 589 1034 654 corpore,
1051 577 1181 651 quanto,

203 675 237 724 45
256 653 283 718 si
300 664 400 718 totum
418 664 557 738 spectes,
575 653 719 739 geminas
737 653 792 736 qui
809 665 935 740 separat
951 654 1078 718 Arctos.
1113 666 1115 670 “

255 760 315 804 neo
331 759 434 803 morat
450 737 644 817 Phoenicas,
662 739 729 804 sive
746 738 791 802 illi
808 740 871 804 tela
910 738 1051 815 arabant,

255 825 322 890 siva
338 824 464 909 fugam,
482 824 549 890 sivo
565 826 633 910 ipse
650 824 745 888 timor
760 761 948 909 prohibebat
963 835 1143 907 utrumque,

255 924 401 996 occupat.
444 909 502 974 hos
519 932 641 987 morsu,
658 909 763 995 longis
780 910 996 995 complexibus
1013 911 1094 988 illos,

255 994 314 1061 hos
330 1005 424 1061 necat
441 996 557 1061 adflata
572 996 691 1061 funesti
709 994 782 1060 tabe
800 995 923 1060 veneni.

204 1101 239 1150 55
255 1082 374 1147 fecerat
391 1081 524 1166 exiguas
539 1081 603 1146 iam
621 1081 669 1145 sol
686 1080 856 1145 altissimus
873 1080 1016 1145 umbrasz

255 1189 338 1252 quae
355 1189 445 1232 mora
462 1166 503 1231 sit
519 1167 627 1243 sociis,
645 1166 778 1230 miratur
794 1166 945 1251 Agenore
961 1176 1056 1230 natus

257 1253 458 1338 vestigatque
477 1252 569 1318 viros.
613 1251 752 1337 tegimen
768 1252 899 1337 derepta
914 1251 999 1317 leoni

256 1337 348 1424 pellis
366 1348 449 1414 crat,
466 1339 565 1404 telum
582 1337 760 1423 splendenti
776 1339 888 1402 lancea
903 1337 987 1401 ferro

257 1435 290 1490 et
305 1422 458 1501 iaculum,
475 1424 602 1507 teloque
620 1423 745 1488 animus
761 1422 970 1510 praestantior
986 1420 1082 1486 omni.

206 1529 239 1578 55
257 1521 293 1574 ut
309 1531 421 1575 nemus
437 1510 565 1575 intravit
580 1509 740 1591 letataque
758 1530 890 1594 corpora
905 1508 986 1572 vidit

256 1596 472 1678 victoremque
490 1617 587 1681 supra
603 1594 735 1681 spatiosi
751 1594 890 1680 corporis
906 1593 1031 1659 hostem

183 1684 188 1687 ’
256 1681 358 1747 tristia
375 1680 551 1766 sanguinea
566 1680 758 1745 lambentem
776 1681 908 1745 vulnera
924 1679 1043 1765 lingua,

258 1775 328 1832 ‘aut
344 1767 429 1832 ultor
445 1779 583 1844 vestrae,
602 1765 755 1832 fidissima
772 1787 917 1851 corpora,
933 1765 1054 1841 mortis,

258 1865 314 1918 aut
331 1853 450 1919 comcs’
468 1851 571 1936 inquit
588 1851 677 1917 ‘ero'
721 1851 815 1930 dixit,
833 1852 1007 1935 dextraque
1024 1850 1175 1916 molarem

208 1957 242 2008 to
258 1938 385 2004 sustulit
402 1950 434 2004 et
450 1960 603 2025 magnum
619 1959 737 2022 magno
755 1938 920 2004 conamine
936 1936 1031 2002 misit

256 2025 341 2089 illius
358 2024 496 2110 impulsu
514 2046 588 2090 curu
605 2024 744 2089 turribus
762 2024 862 2089 ardua
879 2022 971 2088 celsis

257 2110 383 2176 moenia
399 2125 486 2177 mota
502 2111 620 2176 forent:
638 2132 768 2195 serpens
786 2110 853 2175 sine
870 2110 1000 2175 vulnere
1016 2108 1142 2187 mansit,

257 2196 436 2281 loricaeque
453 2196 548 2262 modo
566 2196 706 2280 squamis
724 2196 873 2262 defensus
891 2207 923 2262 et
940 2207 1027 2262 atrae

259 2282 373 2348 duritia
389 2283 480 2432 gellis
498 2282 619 2347 validos
637 2292 710 2347 cute
727 2282 864 2368 reppulit
880 2282 972 2347 ictus.

207 2387 240 2437 55
257 2383 290 2434 at
307 2390 372 2432 non
411 2367 505 2438 uritia
520 2367 659 2432 iaculum
677 2388 804 2451 quoque
822 2366 897 2431 vicit
914 2366 1036 2444 eadem,

258 2453 344 2538 quod
360 2453 465 2518 medio
481 2452 586 2518 lentos
603 2452 713 2536 spinae
730 2451 912 2517 curvamine
928 2452 1029 2517 fixum

258 2538 396 2605 constitit
401 2562 410 2615 3
429 2550 461 2602 ct
477 2548 579 2603 totum
597 2536 760 2602 descendit
775 2536 809 2600 in
825 2536 880 2601 ilia
896 2535 1026 2601 ferrum.

257 2624 311 2690 ille
330 2624 436 2689 dolore
454 2624 544 2688 ferox
561 2634 658 2708 caput
674 2621 709 2686 in
725 2644 784 2687 sua
800 2633 891 2707 terga
907 2621 1031 2687 retorsit

257 2712 453 2791 vulneraque
470 2708 594 2794 aspexit
610 2708 773 2791 fixumque
790 2706 904 2773 hastile
920 2706 1099 2783 momordit,

208 2814 241 2864 70
258 2796 354 2879 idque
371 2794 427 2859 ubi
445 2794 478 2858 ri
494 2795 594 2859 multa
610 2804 733 2879 partem
750 2792 899 2859 labefecit
915 2793 949 2858 iu
966 2815 1103 2868 omnem,

258 2881 313 2946 vix
328 2891 418 2966 tergo
436 2879 565 2966 eripuit:
582 2879 702 2944 ferrum
721 2890 827 2944 tamen
843 2878 967 2944 ossibus
984 2877 1096 2942 haesit.

258 2978 334 3032 tunc
351 2987 426 3031 vero
442 2977 612 3052 postquam
629 2965 737 3030 solitas
754 2964 885 3031 accessit
902 2964 943 3030 ad
960 2965 1023 3028 iras

216 3098 218 3102 -
258 3074 356 3118 causa
371 3073 495 3127 recens,
513 3051 613 3137 plenis
630 3062 815 3115 tumuerunt
831 3062 961 3136 guttura
978 3049 1078 3126 venis,

258 3158 433 3223 spumaque
450 3136 617 3223 pestiferos
634 3135 823 3201 circumfluit
839 3135 946 3201 albida
962 3134 1070 3212 rictus,
1113 3152 1115 3155 ’

208 3244 240 3293 55
258 3237 404 3306 terraque
421 3246 493 3287 rasa
510 3232 602 3287 sonat
618 3222 774 3304 squamis,
792 3221 911 3305 quique
927 3220 1043 3285 halitus
1061 3221 1125 3286 cxit

258 3331 312 3374 ore
328 3309 420 3395 niger
437 3306 566 3393 Stygio,
583 3306 709 3371 vitiatas
726 3306 826 3372 inficit
843 3330 946 3372 auras.

257 3394 326 3479 ipse
342 3394 437 3459 modo
454 3394 643 3458 immensum
662 3392 754 3478 spiris
770 3392 960 3458 facientibus
977 3392 1087 3457 orbem

258 3480 404 3565 cingitur,
421 3478 580 3545 interdum
597 3479 694 3564 longa
710 3477 800 3543 trabe
817 3477 931 3543 rectior
952 3490 1044 3554 astat,

257 3565 373 3649 impete
390 3586 476 3629 nuno
493 3575 584 3630 vasto
601 3585 659 3629 ceu
678 3563 820 3628 concitus
837 3563 991 3628 imbribus
1009 3561 1111 3628 amnis

206 3669 240 3719 80
257 3650 357 3715 fertur
374 3662 406 3716 et
423 3650 585 3715 obstantes
602 3648 768 3735 proturbat
808 3661 912 3714 ectore
929 3649 1035 3715 silvas.

257 3735 339 3799 cedit
357 3735 558 3820 Agenorides
575 3734 707 3820 paulum
725 3672 887 3820 spodoque
903 3734 1003 3799 leonis

201 3859 204 3864 ·
258 3819 392 3884 sustinet
408 3819 553 3885 incursus
570 3820 784 3901 instantiaque
802 3841 857 3884 ora
873 3820 1013 3886 retardat

257 3905 388 3989 cuspide
405 3917 578 3990 praetenta.
621 3905 698 3970 furit
714 3906 766 3970 ille
784 3917 816 3970 et
831 3905 938 3970 inania
954 3905 1035 3970 duro

257 3991 389 4054 vulnera
406 3990 461 4053 dat
477 3988 561 4055 ferro
578 3990 711 4077 figitque
727 3990 761 4054 in
779 3990 923 4057 acumine
941 3991 1062 4056 dentes.

206 4095 239 4148 55
256 4076 384 4164 iamque
401 4074 584 4144 venenifero
601 4077 731 4165 sanguis
748 4100 877 4146 manare
894 4077 1000 4168 palato
