2800 4500
299 265 668 332 rmrnuoaruosnor
683 267 841 341 cmxv.
859 273 1004 330 eea-tae.
1091 255 1168 325 <an

144 400 219 465 hinc
236 397 331 464 calidi
348 398 452 464 fontes
468 392 762 480 lentisciferumque
777 405 903 463 tenetur

143 486 312 561 Liternum
328 484 526 566 multamque
544 472 672 567 trtihens
690 481 751 545 sub
768 481 894 567 gurgite
912 481 1064 547 harenam
1154 504 1156 507 ·

143 572 321 637 Volturnus
337 568 502 653 niveisque
520 567 670 650 frequens
689 564 843 632 Sinuessa
860 567 1016 631 columbis
1189 588 1238 638 715

143 656 391 738 Minturnaeque
408 674 538 739 graves,
556 664 588 716 et
605 673 701 735 quam
720 651 889 716 tumulavit
906 650 1063 729 alumnus,

142 739 221 804 Anti
244 739 400 822 hataeque
418 739 531 803 domus
549 737 756 820 Trachasque
773 736 903 800 obsessa
919 737 1038 822 palude

143 836 174 891 et
192 762 285 890 tellus
303 821 438 889 Circaea
455 834 486 888 et
504 822 597 908 spissi
613 822 714 886 litoris
732 821 878 887 Antium.

142 910 206 975 huc
222 909 278 974 uhi
296 909 459 976 veliferam
476 918 593 973 nautae
611 908 775 972 advertere
793 907 933 971 carinam

142 993 251 1081 (asper
267 995 352 1059 enim
368 994 432 1058 iam
450 1004 565 1079 pontus
583 993 674 1077 erat),
694 993 773 1057 deus
791 993 928 1076 explicat
945 992 1037 1058 orbes

142 1102 262 1166 perque
281 1080 368 1143 sinus
386 1079 512 1144 crebros
531 1089 562 1143 et
579 1100 698 1163 magna
715 1078 877 1143 volumina
892 1077 1003 1142 labens

144 1166 262 1250 templa
278 1164 418 1250 parentis
435 1164 494 1228 init
510 1165 629 1228 flavum
647 1164 811 1248 tangentia
828 1163 913 1227 litus.

143 1272 280 1332 aequore
297 1249 422 1334 placato
439 1249 557 1349 patrias
574 1249 769 1335 Epidaurius
788 1271 859 1312 aras

142 1334 270 1418 linquit,
288 1346 320 1399 et
337 1333 472 1419 hospiuo
490 1334 550 1399 sibi
567 1334 666 1398 iuncti
682 1334 822 1398 numinis
840 1356 917 1398 usus

142 1420 285 1485 litoream
302 1429 405 1483 tractu
422 1439 573 1502 squamae
591 1418 774 1504 crepitantis
792 1416 943 1484 harenam

143 1505 245 1569 sulcat
261 1514 294 1568 et
305 1503 431 1568 innisus
448 1503 662 1569 moderamine
679 1505 770 1569 navis
788 1505 821 1569 in
839 1505 903 1570 alta

142 1611 249 1738 puppe
267 1600 364 1674 caput
402 1589 499 1666 osuit,
516 1586 849 1677 donec-Castrumque
867 1612 1036 1675 sacrasque

175 1674 260 1755 avini
277 1674 368 1740 sedes
416 1674 601 1758 iberinaque
619 1674 660 1739 ad
680 1675 761 1739 ostia
778 1675 874 1740 venit
1056 1675 1058 1678 ’

142 1759 205 1825 huc
222 1760 324 1823 omnis
340 1761 449 1845 populi
466 1761 585 1846 passim
602 1770 804 1842 matrumque
821 1783 996 1845 senumque

142 1843 238 1910 obvia
254 1844 348 1909 turha
364 1845 442 1921 ruit,
460 1865 606 1929 quaeque
624 1845 732 1929 ignes,
749 1844 879 1921 Troica,
897 1855 1035 1922 servant,

142 1929 259 2006 Vesta,
277 1940 364 2005 tuos,
381 1929 529 2012 laetoque
546 1928 642 1992 deum
659 1928 797 1993 clamore
814 1929 963 1994 salutant.

142 2034 269 2098 quaque
285 2035 343 2098 per
360 2013 509 2077 aduersas
526 2013 616 2076 navis
634 2014 697 2077 cita
714 2012 841 2077 ducitur
858 2014 969 2090 undas,

143 2108 216 2162 tura
234 2120 272 2161 su
295 2120 330 2162 er
347 2098 432 2183 ripas
449 2098 511 2161 aris
529 2119 570 2161 ex
587 2097 697 2162 ordine
715 2097 806 2162 factis

141 2191 231 2283 parte
248 2120 294 2245 ab
306 2192 441 2265 utraque
459 2193 572 2272 sonant
589 2194 620 2247 et
637 2182 771 2246 odorant
789 2187 863 2246 a'e‘ra
879 2181 991 2260 fumis3

140 2279 267 2351 ictaque
284 2266 441 2332 coniectos
459 2267 618 2332 incalfacit
635 2267 739 2333 hostia
756 2269 883 2333 cultros.

140 2351 283 2436 iamque,
301 2363 397 2437 caput
414 2373 535 2429 rerum,
552 2352 731 2418 Romanam
748 2353 919 2418 intraverat
936 2353 1062 2420 urbem:

141 2437 273 2522 erigitur
291 2460 419 2523 serpens
438 2459 625 2521 summoque
642 2439 775 2504 acclinia
791 2438 875 2503 malo

141 2522 222 2587 eolla
239 2533 346 2588 movet
361 2523 517 2607 sedesque
535 2523 596 2588 sibi
614 2523 827 2610 circumspicit
843 2535 943 2609 aptas.

141 2607 294 2672 scinditur
311 2608 344 2672 in
361 2610 505 2694 geminas
522 2620 628 2694 partes
646 2609 847 2675 circumfluus
866 2609 981 2675 amnis:

141 2693 251 2757 Insula
268 2715 384 2758 nomen
401 2693 512 2759 habet:
528 2696 727 2778 laterumque
744 2718 763 2759 a
780 2706 869 2779 parte
887 2695 1022 2759 duorum

139 2778 273 2925 porrigit
289 2779 439 2861 aequales
455 2779 561 2843 media
577 2779 689 2844 tellure
705 2779 850 2844 lacertos.

88 2870 89 2873 ’
163 2883 204 2926 uc
221 2885 255 2927 se
273 2863 313 2927 de
331 2863 427 2928 Latia
444 2863 522 2948 pinu
538 2863 722 2928 Phoebeius
740 2864 853 2949 anguis

140 2946 273 3011 contulit
290 2958 322 3011 et
338 2947 434 3011 finem
451 2947 556 3033 specie
574 2949 709 3014 caeleste
726 2972 831 3014 resum
855 2959 889 3013 ta

139 3031 278 3097 luctibus
294 3031 445 3116 imposuit
463 3033 611 3116 venitque
629 3034 773 3099 salutifer
788 2972 869 3098 urbi.
1183 3060 1232 3108 744

183 3116 247 3181 Hic
264 3127 370 3181 tamen
388 3118 521 3182 accessit
537 3118 677 3184 delubris
696 3118 819 3185 advena
836 3120 965 3185 nostris:
1035 3120 1120 3176 Μῖνι
1133 3123 1232 3175 caesar

140 3198 262 3266 Caesar
273 3201 307 3265 in
319 3199 411 3267 Urbe
423 3225 483 3268 sua
496 3203 574 3269 deus
589 3215 647 3268 est.
674 3226 770 3287 quem
781 3206 888 3269 Marte
901 3215 1040 3291 togaque
1056 3198 1081 3243 ⁰²
1091 3190 1230 3259 ‘wilh

139 3286 347 3372 praecipuum
363 3309 428 3352 non
445 3287 529 3354 bella
545 3289 648 3375 magis
665 3290 755 3354 finita
771 3290 937 3375 triumphis

138 3392 254 3454 resque
272 3372 359 3436 domi
375 3383 484 3457 gestae
501 3385 733 3459 properataque
750 3375 852 3460 gloria
868 3398 975 3441 rerum

137 3456 172 3519 in
189 3457 277 3520 sidus
293 3467 415 3522 vertere
432 3479 550 3524 novum
566 3460 755 3543 stellamque
772 3472 958 3538 comantem,

139 3562 236 3622 quam
253 3563 312 3605 sua
328 3543 506 3626 progenies.
550 3565 653 3628 neque
670 3545 756 3610 enim
773 3546 813 3612 de
832 3544 979 3612 Caesaris
997 3548 1075 3613 actis
1180 3571 1229 3620 750

120 3633 123 3634 ’
138 3625 239 3688 ullum
257 3638 305 3690 est
321 3628 426 3692 maius
442 3650 537 3713 opus,
555 3650 651 3713 quam
660 3632 756 3713 quod
772 3642 863 3717 pater
880 3632 983 3697 extitit
1000 3631 1104 3698 huius.

138 3708 257 3774 scilicet
274 3731 448 3794 aequoreos
465 3712 537 3798 plus
555 3726 603 3779 est
620 3715 780 3780 domuisse
796 3716 977 3795 Britannos,

137 3814 257 3893 perque
274 3797 447 3884 papyriferi
464 3799 650 3883 septemflua
666 3800 798 3866 flumina
813 3801 881 3865 Nih

137 3887 282 3944 vrctnces
300 3881 404 3966 egisse
421 3890 520 3959 rates,
539 3883 759 3969 Numidasque
775 3886 908 3951 rebelles

139 3960 399 4050 Cinyphiumque
416 3968 532 4032 Iubam
548 3968 824 4055 Mithridateisque
840 3982 1015 4039 tumentem
1178 3995 1226 4044 755

37 4140 41 4147 Ι
93 4077 96 4090 “·
136 4047 317 4117 nominibus
333 4051 474 4122 Pontum
490 4055 609 4144 populo
627 4055 779 4123 adiecisse
797 4054 933 4140 Quirini,
1234 4077 1237 4082 ’
