2800 4500
294 290 661 355 rmnnuoitrnosnon
676 292 750 352 nna.
768 293 847 354 xlv.
866 296 1010 353 644-731.
1099 277 1161 346 251
1200 378 1208 391 ἡ

142 424 263 509 primus
280 423 377 489 habet
393 425 539 507 laetaque
557 431 643 487 tenet
660 432 716 486 tua
732 443 865 486 munera
882 421 1012 486 dextra?
1117 474 1118 477 ,

76 549 87 563 ι
143 509 199 575 sed
216 531 319 593 neque
335 509 400 574 iam
417 508 502 574 fetus
520 507 678 572 desiderat
695 507 807 571 arbore
826 507 980 591 demptos,

141 617 215 671 nec,
233 616 312 695 quas
329 595 439 659 hortus
457 592 527 670 alit,
545 615 617 658 cum
634 592 718 657 sucis
736 592 865 656 mitibus
883 590 1008 666 herbas,
1183 609 1233 659 690

141 701 201 745 nee
218 700 403 762 qumquam,
421 679 483 744 nisi
500 689 541 744 te.
584 678 733 743 miserere
750 676 903 753 ardentis,
921 688 953 742 et
969 676 1083 761 ipsum,

140 764 228 848 qnod
244 765 334 850 petit,
352 786 407 829 ore
423 784 496 828 meo
512 774 711 847 praesentem
729 764 823 828 crede
839 764 975 849 precari:

141 848 322 931 ultoresque
340 847 417 912 deos
433 856 467 913 et
482 857 612 932 pectora
627 846 710 910 dura
726 867 872 931 perosam

140 932 264 998 Idalien
282 952 516 1015 memoremque
532 931 608 997 time
625 930 853 997 Rhamnusidis
870 931 960 996 iram.

141 1039 269 1102 quoque
287 1016 389 1104 magis
406 1017 518 1082 timeas
535 1015 670 1100 (etenim
684 1016 762 1081 mihi
779 1017 880 1080 multa
897 1027 1037 1082 vetustas
1183 1037 1232 1087 695

98 1105 102 1111 ”
141 1103 222 1168 scire
240 1102 352 1186 dedit),
369 1101 505 1169 referam
523 1113 589 1167 tota
605 1101 770 1166 notissima
788 1099 898 1187 Cypro

141 1187 240 1265 facta,
259 1188 375 1271 quibus
392 1186 477 1252 flecti
493 1186 587 1253 facile
605 1198 637 1253 et
653 1187 819 1253 mitescere
835 1187 947 1272 possis.

183 1272 317 1340 Viderat
334 1295 354 1336 a
370 1272 486 1338 veteris
503 1294 691 1358 generosam
709 1273 864 1358 sanguine
880 1272 998 1339 Teucri
1053 1286 1233 1357 (Amarea.)

140 1357 230 1442 Iphis
247 1358 467 1434 Anaxareten,
485 1356 596 1422 humili
614 1357 654 1423 de
672 1358 769 1443 stirpe
787 1369 925 1424 oreatusz

143 1443 264 1508 viderat
279 1454 312 1508 et
329 1443 402 1507 totis
419 1455 604 1529 perceperat
620 1442 745 1508 ossibus
763 1455 895 1508 aestum.
1183 1463 1233 1512 too

139 1528 341 1612 luctatusque
359 1528 428 1605 diu,
446 1540 615 1613 postquam
631 1528 753 1593 ratione
770 1528 910 1594 furorem

140 1613 267 1678 vincere
284 1634 347 1678 non
365 1614 483 1699 potuit,
500 1615 635 1701 supplex
653 1615 695 1679 ad
711 1614 821 1678 limina
838 1614 938 1680 venite

140 1709 173 1763 et
189 1698 284 1763 modo
301 1698 417 1763 nutrici
434 1699 584 1764 miserum
603 1699 768 1764 confessus
785 1721 936 1776 amorem,

139 1805 180 1847 ne
198 1783 259 1848 sibi
277 1784 356 1848 dnra
373 1783 471 1861 foret,
489 1806 546 1869 per
563 1806 635 1868 spes
654 1784 756 1850 oravit
773 1786 934 1851 alumnae:

123 1864 188 1951 ,[et
204 1867 299 1931 modo
318 1868 358 1933 de
375 1868 483 1932 multis
501 1867 662 1933 blanditus
681 1870 795 1952 cuique
812 1871 962 1937 ministris

140 1950 273 2015 sollicita
289 1950 381 2035 petiit
396 1971 454 2034 pro
476 1972 589 2015 ensum
606 1972 684 2016 voce
702 1950 859 2016 favoremt

140 2056 235 2120 saepe
252 2034 383 2100 ferenda
400 1972 488 2099 dedit
504 2034 628 2101 blandis
646 2057 705 2100 sua
722 2035 820 2100 verba
837 2037 975 2103 tabelliss

139 2119 297 2184 interdum
313 2118 457 2183 madidas
473 2119 674 2186 lacrimarum
691 2143 762 2187 rore
780 2142 912 2186 coronas

139 2204 283 2291 postibus
301 2204 450 2282 intendit,
467 2204 639 2291 posuitque
651 2206 686 2272 in
702 2206 811 2272 limine
828 2208 908 2273 duro

139 2290 233 2355 molle
250 2291 333 2355 latus
349 2290 493 2374 tristique
511 2313 600 2359 serae
617 2292 760 2358 convicia
776 2292 861 2359 fecit.

139 2375 263 2440 saevior
279 2375 334 2439 illa
350 2375 432 2441 freto
449 2388 599 2463 surgente
617 2378 803 2443 cadentibus
820 2378 954 2457 Haedis,

139 2460 248 2525 diarios
264 2471 296 2526 et
313 2461 407 2538 ferro,
426 2463 513 2544 qnod
528 2462 665 2529 Noricus
683 2464 832 2548 excoquit
847 2464 941 2551 ignis,

139 2556 171 2610 et
187 2567 276 2624 saxo,
294 2546 380 2630 quod
397 2546 502 2613 adhuc
518 2548 628 2613 vivum
645 2550 751 2614 radice
769 2560 903 2627 tenetur,
1029 2557 1031 2562 ’

139 2631 258 2716 spernit
274 2641 306 2696 et
322 2631 441 2697 irridet.
485 2632 640 2718 lactisque
656 2635 830 2700 immitibus
848 2635 937 2699 addit

138 2716 235 2781 verba
252 2717 390 2801 superba
407 2717 497 2783 ferox
515 2730 547 2784 et
564 2742 620 2805 spe
638 2741 765 2803 quoque
782 2720 909 2786 fraudat
927 2732 1094 2786 amantem.

89 2865 90 2869 ,
138 2822 202 2864 non
219 2801 291 2866 tulit
307 2801 476 2887 impatiens
492 2803 579 2888 longi
596 2815 753 2870 tormenta
770 2805 886 2871 doloris

138 2885 228 2970 Iphis
245 2897 277 2950 et
294 2897 367 2951 ante
385 2887 470 2952 fores
487 2887 566 2953 haec
584 2888 681 2953 verba
698 2890 870 2954 novissima
887 2890 979 2955 dixit:
1072 2961 1074 2964 ,

138 2971 279 3048 “vincis,
296 2971 494 3048 Anaxarete‚
512 2994 616 3056 neque
634 2985 727 3038 erunt
743 2975 800 3039 tibi
819 2975 922 3040 taedia
940 2977 1067 3041 tandem

137 3056 204 3120 ulla
221 3056 352 3121 ferenda
369 3057 441 3122 mei.
484 3058 582 3123 laetos
600 3059 711 3124 molire
728 3060 904 3145 triumphos

138 3152 169 3205 et
186 3140 317 3206 Paeana
335 3163 414 3207 voca
430 3142 592 3226 nitidaque
608 3144 770 3231 incingere
787 3144 893 3210 laurus

137 3226 237 3290 vincis
255 3226 353 3303 enim,
370 3227 549 3311 moriorque
564 3228 677 3294 libens.
720 3253 791 3315 age,
809 3230 921 3308 ferrea,
939 3231 1058 3316 gaudel

117 3381 118 3384 Ἴ
137 3322 222 3375 certe
241 3311 360 3394 aliquid
377 3312 506 3378 laudare
524 3313 588 3378 mei
606 3314 728 3399 cogeris
750 3314 876 3390 amoris,

137 3416 201 3478 quo
219 3395 276 3459 tibi
294 3397 354 3460 sim
370 3410 495 3483 gratus,
513 3398 724 3483 meritumque
741 3398 882 3465 fatebere
899 3413 1053 3466 nostrum.
1163 3403 1166 3408 ’

136 3501 201 3545 non
219 3492 326 3546 tamen
343 3495 416 3547 ante
434 3482 481 3548 tui
498 3505 607 3548 curam
626 3484 757 3549 cessisse
774 3497 943 3562 mement0,

134 3587 233 3649 ¹qnam
251 3566 363 3643 vitam3
381 3567 571 3652 geminaque
589 3569 682 3633 simul
700 3569 776 3634 mihi
794 3571 864 3635 luce
882 3572 1064 3636 carendum.

136 3672 196 3716 nec
214 3650 270 3715 tibi
288 3651 375 3718 fama
390 3651 454 3715 mei
471 3664 605 3718 ventura
621 3666 670 3719 est
686 3655 798 3720 nuntia
814 3655 883 3720 leti:

135 3734 205 3819 ipse
222 3757 294 3820 ego,
311 3758 352 3801 ne
370 3735 510 3814 dubites,
527 3739 623 3804 adero
640 3761 852 3824 praesensque
870 3740 1012 3820 videbor,

136 3840 268 3904 corpore
285 3831 321 3884 ut
339 3820 476 3885 exanimi
493 3824 633 3889 crudelia
649 3824 771 3890 lumina
787 3847 909 3910 pascas.

136 3903 163 3966 si
180 3915 300 3982 tamen,
319 3928 339 3969 o
357 3906 477 3991 superi,
494 3909 640 3974 mortalia
656 3909 743 3975 faeta
760 3911 882 3986 videtis,

136 3998 202 4052 este
220 3989 281 4053 mei
299 4012 454 4055 memores
471 4026 515 4038 -
531 3993 609 4058 nihil
626 3996 709 4060 ultra
725 3996 836 4082 lingua
851 3998 974 4081 precari

137 4071 270 4140 sustinet
286 4109 331 4145 ,-
347 4086 379 4141 et
394 4076 491 4166 longo
508 4076 602 4166 facite
620 4090 656 4164 ut
672 4103 836 4147 narremur
852 4082 886 4147 in
903 4104 993 4163 aevo,
