2800 4500
207 238 285 320 ’100
549 263 583 322 0
605 262 732 323 ovmn
747 260 911 323 nasoros

218 412 374 457 marmore
391 388 536 455 mutavit
580 410 695 477 corpus
713 399 901 475 praeterque
919 386 1055 453 colorem

149 476 325 546 405'omnia
343 475 495 555 servavit,
512 474 627 559 lapidis
644 475 732 539 color
748 473 882 549 indicat,
900 473 990 537 illum

217 561 281 626 iam
298 584 363 626 non
380 583 450 626 esse
467 560 594 645 lupum,
611 559 675 624 iam
692 581 757 624 non
776 559 892 624 debere
909 557 1021 623 timeri.

217 668 277 712 nec
294 658 399 712 tamen
417 645 478 710 hac
495 646 668 730 profugum
687 644 856 710 consistere
869 642 968 709 Pelea
985 655 1069 709 terra

217 732 285 796 fata
302 731 422 796 sinunt:
440 730 611 816 Magnetas
630 730 696 794 adit
713 751 815 815 vagus
832 730 906 794 exul
924 740 957 794 et
971 728 1036 794 illic

191 817 315 894 ‚sumit
332 817 373 881 ab
390 815 571 881 Haemonio
588 814 778 901 purgamina
795 813 900 880 caedis
918 814 1049 879 Acasto.

151 923 202 972 010
261 903 387 967 Interea
404 901 573 984 fratrisque
591 901 641 965 sui
658 901 851 983 fratremque
869 899 985 965 secutis
1129 899 1232 967 &tw

218 988 313 1051 anxia
329 986 483 1072 prodigiis
500 986 646 1050 turbatus
663 996 793 1071 pectora
811 981 913 1071 Ceyx,
1120 969 1243 1037 ‘mim

219 1073 363 1137 consulat
380 1084 416 1137 ut
434 1093 554 1146 sacras,
571 1071 736 1135 hominum
754 1070 978 1147 oblectamina,
997 1082 1107 1147 sortes,

219 1158 260 1221 ad
278 1155 420 1224 Clarium
438 1166 529 1241 parat
545 1156 591 1222 ire
609 1156 716 1221 deum.
758 1178 833 1220 nam
851 1155 970 1304 templa
986 1156 1137 1240 profanus

219 1242 396 1307 inviacum
412 1241 567 1328 Phlegyis
584 1241 724 1306 faciebat
739 1239 899 1327 Delphica
945 1241 1072 1307 horbas.

123 1376 125 1380 »
151 1347 201 1397 415
219 1328 341 1393 consilii
358 1342 464 1393 tamen
481 1339 555 1392 ante
573 1325 636 1403 sui,
653 1325 821 1402 fidissima,
840 1338 958 1392 certam

219 1424 251 1479 te
268 1413 359 1490 facit,
376 1413 532 1498 Alcyone.
576 1411 628 1476 cui
645 1412 790 1497 protinus
806 1411 917 1475 intima
934 1412 1036 1498 frigus

219 1519 293 1563 ossa
309 1510 510 1583 receperunt,
528 1497 678 1580 buxoque
695 1497 873 1561 simillimus
890 1518 946 1561 ora

219 1584 320 1669 pallor
336 1582 417 1659 obit,
433 1582 634 1667 lacrimisque
652 1604 755 1666 genae
772 1582 923 1646 maduere
940 1582 1088 1667 profusis.

219 1683 268 1733 ter
302 1678 398 1733 onata
412 1668 500 1753 loqui
517 1679 566 1733 ter
581 1667 709 1733 fletibus
726 1688 781 1731 ora
798 1668 924 1753 rigavit,

151 1773 202 1823 tto
220 1755 268 1819 sin
326 1766 424 1838 tuque
441 1754 511 1840 pias
527 1753 776 1838 interrumpente
794 1750 938 1835 querelas

221 1846 318 1924 ‘quae
334 1861 407 1905 mea
424 1839 519 1926 culpe
535 1838 649 1916 tuam’,
668 1838 748 1903 dixit
764 1838 954 1915 ‘carissime‚
971 1850 1110 1904 mentem

220 1924 334 1990 vertit?
350 1924 406 1989 ubi
424 1936 486 2001 est,
503 1945 585 2009 qnae
603 1945 680 1989 cura
696 1922 760 1989 mei
777 1924 862 2008 prior
878 1946 947 1990 esse
965 1926 1105 1990 solebat?

220 2009 284 2075 iam
300 2020 391 2096 potes
408 2010 555 2095 Alcyone
572 2030 705 2075 securus
722 2009 835 2075 abesse
851 2009 981 2075 relicta?

220 2097 284 2160 iam
301 2096 354 2161 via
369 2095 466 2181 longa
481 2094 605 2181 placet?
630 2094 694 2160 iam
712 2117 782 2159 sum
800 2094 858 2159 tibi
876 2090 978 2160 carior
994 2096 1128 2162 absens?
1172 2172 1175 2177 q

153 2197 202 2245 405
222 2193 268 2260 at,
285 2193 374 2268 puto,
391 2202 450 2268 per
466 2191 565 2246 terras
581 2181 642 2246 iter
658 2178 726 2259 est,
739 2190 924 2264 tantumque
942 2180 1066 2260 dolebo,

221 2289 285 2332 non
303 2267 399 2333 etiam
415 2278 570 2345 metuam,
588 2287 745 2349 curaeque
763 2267 876 2332 timore
894 2267 1060 2332 carebuntz

222 2374 360 2436 aequora
376 2374 428 2417 me
445 2363 564 2417 terrent
580 2363 612 2417 et
628 2353 719 2438 ponti
735 2351 832 2417 tristis
850 2351 972 2438 imago!

222 2450 255 2504 et
270 2439 390 2503 laceras
407 2459 510 2523 nuper
526 2437 651 2502 tabulas
668 2438 701 2501 in
719 2437 810 2502 litore
827 2438 904 2514 vidi,

223 2534 255 2588 et
272 2544 367 2608 saepe
383 2522 418 2587 in
434 2522 565 2587 tumulis
583 2522 651 2587 sine
668 2543 800 2606 corpore
817 2522 946 2586 nomina
962 2521 1036 2606 legi.

154 2625 205 2674 400
222 2630 302 2672 neve
320 2620 410 2672 tuum
428 2606 526 2672 fallax
544 2607 684 2672 animum
701 2607 819 2672 fiducia
835 2618 956 2693 tangat,

222 2693 308 2777 quod
326 2715 416 2758 socer
432 2692 633 2778 Hippotades
650 2692 709 2758 tibi
726 2692 783 2768 sit,
800 2693 857 2777 qui
873 2713 999 2758 carcere
1015 2692 1114 2758 fortes

202 2778 382 2860 ..sqntineat
398 2789 510 2844 ventos
526 2788 574 2855 et,
592 2799 666 2843 cum
682 2777 774 2853 velit,
792 2797 931 2861 aequora
947 2777 1065 2863 placetl

223 2886 296 2929 cum
314 2864 411 2929 semel
428 2865 534 2929 emissi
552 2874 722 2928 tenuerunt
739 2884 876 2947 aequora
892 2863 990 2941 venti,

223 2949 267 3013 nil
285 2949 346 3014 illis
364 2950 495 3014 vetitum
513 2960 575 3026 est,
592 2949 911 3033 incommendataque
928 2949 1020 3014 tellus

154 3052 204 3101 405
222 3035 325 3099 omnia
341 3046 374 3100 et
391 3056 484 3099 omne
501 3033 628 3099 fretum.
672 3034 752 3099 caeli
769 3055 896 3119 quoque
913 3033 1022 3098 nubila
1039 3045 1156 3099 vexant

222 3120 450 3203 excutiuntque
467 3118 542 3185 feris
559 3119 670 3185 rutilos
688 3119 893 3184 concursibus
910 3120 1010 3205 ignes.
1221 3127 1224 3132 ’

222 3225 286 3288 quo
303 3205 407 3290 magis
423 3204 481 3268 hos
498 3204 573 3268 novi
590 3204 679 3287 (nam
695 3205 771 3270 novi
789 3216 820 3270 et
838 3226 933 3289 saepe
949 3215 1082 3289 paterna

222 3311 323 3376 parva
340 3290 433 3355 domo
451 3289 541 3371 vidi),
558 3291 662 3391 magia
678 3289 741 3355 hoo
757 3311 829 3354 reor
845 3311 914 3354 esse
931 3290 1098 3355 timendos.

223 3376 309 3458 quod
326 3386 381 3439 tua
399 3375 425 3440 si
442 3375 527 3440 flecti
543 3375 690 3460 precibus
708 3374 864 3440 sententia
879 3373 984 3453 nullis,

155 3477 206 3525 440
224 3481 311 3536 care,
328 3471 446 3546 potest,
464 3460 616 3537 coniunx,
632 3460 829 3542 nimiumque
846 3481 880 3525 es
897 3472 1001 3527 certus
1019 3462 1124 3538 eundi,

223 3566 274 3609 me
292 3566 419 3629 quoque
436 3544 510 3609 tolle
527 3544 631 3609 simul.
676 3557 760 3611 certe
776 3545 965 3611 iactabimur
981 3569 1054 3622 una,

223 3651 297 3705 nec,
314 3630 376 3694 nisi
392 3651 474 3714 quae
491 3630 603 3715 patiar,
620 3644 775 3708 metuam3
792 3631 973 3716 pariterque
990 3631 1138 3708 feremus,

224 3714 375 3797 quicquid
392 3715 464 3791 erit3
483 3715 601 3800 pariter
618 3737 714 3800 super
731 3736 870 3799 aequora
885 3717 951 3782 lata
966 3717 1125 3782 feremur)

224 3797 340 3862 talibus
357 3799 502 3865 Aeolidis
519 3800 611 3866 dictis
628 3801 829 3885 lacrimisque
846 3812 992 3867 movetur

157 3900 206 3948 445
225 3880 365 3946 sidereus
383 3884 521 3948 coniunx
537 3884 656 3969 (neque
667 3886 758 3950 enim
775 3886 880 3951 minor
895 3887 978 3972 ignis
994 3886 1028 3952 in
1045 3887 1114 3973 ipso
1132 3888 1194 3975 est)
1199 3913 1209 3967 3

225 3965 281 4029 sed
297 3987 400 4049 neque
439 3971 593 4055 repositos
611 3971 717 4058 pelagi
734 3970 890 4038 dimittere
908 3994 1028 4048 cursus,

225 4071 285 4120 neo
302 4051 369 4121 vult
430 4075 553 4143 syonen
569 4055 603 4120 in
620 4069 742 4146 partem
759 4057 909 4126 adhibere
926 4058 1035 4145 pericli
1040 4082 1050 4137 ς
