2800 4500
306 273 673 337 METAMORPHOSEON
688 275 762 334 L1B.
779 273 831 334 tx.
849 273 994 335 sss-ato.
1103 258 1166 331 155

142 405 234 471 vivus
252 403 357 470 adhuc
374 415 477 483 vates3
496 403 645 486 ultusque
662 412 793 489 parente
801 410 973 550 (parentem

142 502 236 556 natus
254 490 313 556 erit
329 490 415 554 facto
432 489 504 573 pius
522 500 555 553 et
572 487 743 553 sceleratus
762 508 799 553 eo
823 509 889 563 em3

143 576 293 642 attonitus
315 597 356 640 ue
374 575 479 650 malis,
497 573 572 638 exul
588 572 765 657 mentisque
784 573 970 657 domusque,

142 661 283 740 vultibus
331 659 516 725 umenidum
532 657 706 742 matrisque
723 657 895 743 agitabitur
910 655 1042 734 umbris,

144 747 245 812 donec
262 768 337 810 eum
354 744 491 810 coniunx
507 744 604 808 fatale
620 743 801 830 poposcerit
818 764 941 819 aurum,

144 841 378 917 cognatumque
395 830 479 909 latus
496 828 658 914 Phegeius
675 827 817 898 hauserit
833 826 927 892 ensis.

144 929 211 981 tmn
230 915 358 981 demum
376 935 493 1001 magno
511 923 596 1000 petet
612 913 670 980 hos
688 913 844 979 Acheloia
861 912 996 998 supplex

144 1001 185 1066 ab
202 1001 279 1066 Iove
298 997 459 1065 Callirhoe·
475 999 558 1064 natis
575 998 751 1064 infantibus
769 1019 879 1064 annos.

143 1109 224 1153 neve
241 1107 351 1151 necem
369 1084 452 1149 sinat
468 1106 538 1150 esse
554 1083 604 1148 sui
622 1083 750 1150 cultoris
767 1084 911 1158 inultam,
1184 1102 1234 1151 415

143 1170 287 1257 Iuppiter
304 1169 353 1234 his
371 1181 476 1234 motus
493 1169 658 1255 privignae
676 1170 760 1235 dona
777 1189 940 1251 nurusque
1020 1194 1022 1197 ·

143 1255 316 1343 praecipiet
343 1254 502 1338 facietque
520 1254 604 1319 viros
621 1255 805 1341 impubibus
823 1253 933 1319 annis.’
1110 1324 1114 1330 ,

186 1343 278 1406 Haec
294 1339 351 1404 ubi
367 1339 506 1419 faticano
523 1339 647 1405 venturi
664 1339 807 1425 praescia
824 1338 903 1404 dixit
1107 1336 1224 1390 Deorum

144 1449 198 1493 ore
215 1424 360 1502 Themis,
380 1424 467 1489 varic
485 1424 591 1510 superi
608 1447 753 1491 sermone
770 1424 958 1501 fremebant,
1097 1421 1235 1458 mmm·

144 1523 190 1590 et,
209 1533 265 1578 our
281 1509 433 1576 nonaliis
451 1510 563 1577 eadem
580 1510 656 1576 dare
673 1511 757 1575 dona
772 1509 891 1586 liceret,
991 1591 993 1595 ¹
1185 1526 1236 1576 420

144 1618 287 1662 munnur
304 1604 381 1661 erat.
424 1596 566 1696 queritur
582 1607 705 1661 veteres
722 1595 898 1661 Pallantias
915 1616 1015 1659 annos

145 1681 288 1768 coniugis
306 1702 375 1746 esse
393 1702 457 1746 sus:
476 1680 619 1765 queritur
635 1702 802 1747 canescere
819 1680 904 1745 mitis

144 1767 272 1832 Iasiona
289 1762 403 1832 Ceres:
421 1765 590 1852 repetitum
606 1764 769 1832 Mulciber
785 1787 901 1831 aevum

144 1851 246 1938 poscit
262 1846 484 1917 Erichthonio:
502 1852 661 1917 Venerem
679 1871 806 1935 quoque
824 1873 900 1917 cura
916 1848 1016 1915 futuri

144 1936 247 2023 tangit
265 1947 297 2001 et
314 1935 475 2002 Anchisae
492 1957 644 2002 renovare
662 1934 833 2022 paciscitur
849 1956 958 2001 annos.

145 2022 198 2088 cui
215 2021 355 2097 studeat,
372 2021 451 2085 deus
469 2020 571 2086 omnis
588 2020 698 2098 habet3
717 2021 892 2105 crescitque
908 2019 1018 2085 favore

145 2104 273 2172 turbida
291 2104 413 2182 seditio,
431 2105 532 2171 donec
549 2128 608 2171 sua
624 2105 770 2192 Iuppiter
786 2126 842 2171 ora

145 2191 239 2259 solvit
256 2201 288 2256 et
305 2188 353 2256 ‘ol
371 2190 471 2257 nostri
487 2191 514 2256 si
530 2211 595 2275 qua
611 2202 660 2258 est
676 2189 871 2267 reverentia?
889 2189 969 2276 dixit

146 2286 226 2363 ‘quo
243 2275 351 2359 ruitis?
367 2286 530 2343 tantumne
547 2275 661 2361 aliquis
679 2276 740 2342 sibi
756 2298 850 2363 posse
866 2275 1002 2353 videtur,

144 2365 214 2429 fata
230 2382 357 2447 quoque
374 2372 409 2425 ut
428 2362 576 2446 superet?
587 2362 673 2446 ,fatis
691 2362 798 2428 Iolaus
814 2361 849 2428 in
866 2383 976 2439 anuos,

169 2469 226 2514 uos
244 2447 325 2533 egit,
342 2446 449 2513 rediitz
467 2446 541 2513 fatis
559 2447 763 2514 iuvenescere
781 2447 898 2514 debent

146 2472 308 2620 ballirhoej
324 2531 438 2618 geniti,
455 2551 520 2598 non
537 2532 708 2599 ambitione
725 2555 786 2599 nec
803 2532 908 2599 armis.

145 2642 203 2685 vos
221 2618 316 2684 etiam
333 2617 475 2703 (quoque
493 2617 554 2684 hoc
571 2619 676 2684 animo
693 2619 823 2685 meliore
840 2616 964 2685 feratisz
1141 2698 1146 2706 Ι

145 2727 197 2770 me
215 2703 357 2789 quoque)
373 2702 440 2772 fata
456 2714 581 2789 regunt.
624 2725 707 2788 quae
724 2704 752 2769 si
768 2715 891 2770 mutare
909 2704 1057 2782 valerem,

145 2812 206 2855 nec
222 2799 365 2855 nostrum
382 2788 444 2853 seri
461 2799 629 2855 curvarent
645 2789 778 2855 Aeacon
796 2790 880 2867 anni,

146 2886 397 2962 perpetuumque
415 2873 485 2939 aevi
502 2873 612 2940 florem
629 2872 893 2940 Rhadamanthus
909 2874 1041 2940 haberet

147 2983 220 3025 eum
237 2959 348 3023 Mincii
365 2981 448 3036 meo,
466 2958 521 3044 qui
538 2970 668 3045 propter
684 2981 793 3025 amara
809 2971 955 3026 senectae

146 3041 477 3134 ponderasdespicitur
492 3066 552 3110 nec
569 3066 633 3130 quo
650 3044 739 3131 prius
756 3044 865 3111 ordine
882 3043 1015 3131 regnat!

147 3132 232 3196 dicta
247 3129 334 3195 Iovis
351 3152 478 3195 movere
496 3129 586 3207 de0s3
604 3152 664 3195 neo
680 3131 814 3197 sustinet
830 3130 925 3206 ullus,

147 3238 220 3282 curn
238 3215 344 3280 videat
361 3214 461 3280 fessos
478 3213 744 3281 Rhadamanthon
763 3227 795 3281 et
812 3216 944 3281 Aeacon
962 3213 1052 3280 aunis

146 3314 178 3367 et
194 3301 321 3378 Minoa,
339 3298 438 3384 queri.
460 3300 530 3401 qui,
548 3300 624 3366 dum
641 3300 702 3366 fuit
719 3301 842 3387 integer
858 3300 940 3377 aevi,

146 3395 300 3451 terruerat
316 3407 450 3470 magnas
467 3407 536 3471 ipso
553 3407 680 3470 quoque
698 3386 825 3451 nomine
842 3398 968 3473 gentes3

146 3483 223 3535 tunc
240 3480 307 3535 erat
324 3470 491 3547 invalidus,
509 3470 752 3555 Deionidenque
769 3473 917 3538 iuventae

146 3555 259 3622 robore
276 3554 424 3620 Miletum
442 3554 637 3640 Phoeboque
655 3568 786 3642 parente
803 3558 976 3658 superbum

146 3639 322 3790 pertimuit,
340 3640 534 3724 credensque
552 3642 617 3707 suis
634 3642 798 3728 insurgere
815 3665 921 3728 regnis

169 3725 233 3791 aud
249 3736 356 3790 tamen
374 3735 421 3790 est
435 3725 547 3825 patriis
564 3750 670 3794 arcere
687 3726 864 3794 Penatibus
881 3750 987 3794 ausus.

141 3821 259 3895 ‘sponte
275 3809 375 3896 fugis,
394 3809 521 3888 Milete,
538 3825 608 3890 tua,
626 3813 783 3897 celerique
801 3812 909 3879 carina

145 3896 294 3981 Aegaeas
312 3894 431 3961 metiris
448 3917 547 3980 aquas
564 3898 645 3963 etin
663 3898 764 3963 Aside
782 3910 867 3964 terra

145 3980 270 4072 moenia
287 3980 451 4046 constituis
469 3981 613 4067 positoris
631 3983 782 4048 habentia
798 4007 924 4051 nomen.

145 4064 197 4133 hic
214 4066 286 4160 tibi,
304 4066 380 4131 dum
398 4067 541 4152 sequitur
556 4069 676 4154 patriae
694 4069 878 4138 curvamina
893 4071 991 4157 ripae,
