2800 4500
243 276 305 344 156
426 265 469 283 ''
561 287 595 344 P.
614 286 739 346 ovmu
756 272 919 345 ursonis

240 413 306 478 filia
323 410 492 478 Maeandri
508 411 623 478 totiens
640 410 801 477 redeuntis
820 410 942 487 eodem,

242 498 370 584 cognita
387 496 519 583 Cyanee
545 496 739 583 praestantia
756 517 888 583 corpora
904 495 1017 573 forma,

241 583 380 669 Byblida
397 604 471 647 cum
489 578 614 659 (launo,
631 582 754 668 prolem
771 592 818 646 est
835 581 929 648 enixa
946 581 1124 667 gemellam.
1166 595 1264 668 Byblis.

177 668 183 701 ‘
224 689 225 693 ’
241 669 353 754 Byblis
370 669 405 733 in
422 668 568 753 exemplo
585 677 648 743 est,
666 677 702 733 ut
719 676 827 732 ament
844 688 994 731 concessa
1010 667 1143 753 puellae
1256 702 1258 705 ·

173 773 224 824 455
243 754 355 839 Byblis
374 753 535 840 Apollinei
553 765 696 838 correpta
714 752 862 839 cupidine
875 752 985 816 ‘fratris
1049 789 1053 796 ι

241 862 305 904 non
322 861 411 904 soror
427 848 464 904 ut
480 837 625 915 fratrem,
643 859 704 903 nec
720 860 785 923 qua
802 836 954 915 debebat,
972 836 1104 903 amovit·

241 924 296 990 illa
312 924 441 1009 quidem
457 923 560 1011 primo
577 923 681 989 nullos
697 922 852 1009 intellegit
869 922 970 1008 ignes,
1092 930 1094 934 “

181 1093 186 1097 ¹
241 1032 301 1076 nee
341 1032 450 1075 eccare
467 1019 572 1095 putat,
590 1008 677 1093 quod
694 1008 821 1094 saepius
838 1008 946 1074 oscula
963 1008 1085 1094 iungat,

177 1110 181 1127 ¹
242 1033 339 1179 quod
344 1118 403 1161 sua
419 1095 560 1160 fraterno
578 1094 752 1159 circumdet
768 1094 918 1159 bracchia
935 1093 1030 1172 collo;

175 1200 226 1251 460
244 1180 452 1266 mendacique
470 1179 526 1246 diu
543 1179 669 1266 pietatis
685 1179 807 1244 fallitur
823 1179 946 1244 umbra.

237 1265 397 1354 paulatim
414 1264 552 1331 declinat
570 1287 668 1343 amor,
685 1265 855 1348 visuraque
871 1264 1002 1330 fratrem
1100 1266 1101 1271 ’

176 1345 191 1440 *⁴
242 1352 328 1417 culta
344 1351 431 1417 venit
446 1350 643 1435 nimiumque
661 1350 748 1437 eupit
765 1350 905 1414 formosa
920 1349 1034 1416 viderit

243 1447 275 1503 et
291 1437 319 1501 si
336 1458 401 1522 qua
417 1435 546 1501 estillic
562 1434 741 1514 formosior,
757 1435 879 1500 invidet
894 1435 950 1500 illi

175 1526 178 1545 ‘
243 1522 300 1588 sed
316 1522 458 1587 nondum
475 1520 644 1587 manifesta
661 1520 723 1586 sibi
740 1530 787 1586 es't
803 1519 989 1605 nullumque
1007 1521 1067 1585 sub
1084 1521 1138 1586 illo

176 1626 225 1677 465
243 1608 317 1693 igne
335 1606 412 1672 facit
428 1617 553 1672 votum:
572 1616 790 1672 verumtamen
808 1614 931 1671 aestuat
947 1606 1043 1671 intus.

243 1693 307 1757 iam
325 1692 489 1757 dominum
506 1692 657 1778 appellat,
674 1691 740 1756 iam
756 1692 886 1756 nomina
903 1691 1066 1778 sanguinis
1083 1692 1163 1758 odite

242 1777 400 1864 Byblida,¹
412 1777 477 1843 iam
494 1778 629 1855 mavult,
647 1798 745 1861 quam
762 1799 797 1842 se
814 1787 907 1843 vocet
922 1777 975 1844 ille
992 1799 1142 1844 sororem.

243 1886 315 1949 spes
332 1874 439 1928 tamen
456 1862 610 1928 obscenas
627 1862 734 1931 animo
751 1862 916 1929 demittere
932 1883 997 1928 non
1014 1875 1063 1928 est
1121 1890 1123 1893 ¹
1180 1932 1181 1935 ,

175 1959 180 1981 '
214 1946 217 1951 ⁴
244 1972 322 2013 ausa
338 1971 396 2014 suo
413 1948 563 2035 vigilans:
581 1948 707 2035 placida
723 1949 862 2013 resoluta
878 1948 984 2032 quiete
1126 2013 1128 2017 .

175 2055 226 2105 tto
244 2057 339 2121 saepe
357 2035 457 2111 videt,
480 2034 567 2118 quod
589 2044 684 2101 amat.
729 2033 798 2098 visa
815 2044 863 2099 est
878 2055 1006 2118 quoque
1026 2033 1158 2120 iungere
1176 2034 1266 2101 fratri

243 2142 357 2206 corpus
362 2144 372 2197 3
389 2131 420 2184 et
438 2120 578 2199 erubuit,
596 2118 742 2204 quamvis
759 2119 863 2205 sopite
878 2119 1012 2184 iacebat.

244 2228 373 2272 somnus
391 2205 467 2272 abit.
511 2205 582 2275 silet
597 2205 653 2271 illa
671 2204 725 2270 diu
742 2205 919 2291 repetitque
935 2203 1050 2292 quietis

242 2292 313 2377 ipsa
329 2314 410 2359 suae
423 2291 560 2378 speciem
578 2291 739 2374 dubiaque
756 2291 802 2355 ita
817 2302 923 2356 mente
940 2290 1098 2378 profatur:

173 2375 179 2402 '
243 2384 309 2444 ‘me
325 2375 488 2443 miseraml
505 2376 620 2443 tacitae
637 2376 716 2460 quid
732 2377 802 2442 vult
818 2375 879 2441 sibi
895 2376 996 2443 noctis
1012 2375 1139 2461 imago?

176 2482 226 2532 4⁷5
244 2484 340 2547 quam
357 2463 455 2527 nolim
472 2473 542 2527 rata
558 2461 612 2527 sitl
640 2484 697 2527 our
713 2461 793 2528 haec
810 2484 871 2548 ego
889 2462 1011 2527 somnia
1028 2462 1113 2527 vidi?
1163 2473 1165 2479 '

242 2548 296 2614 ille
313 2548 442 2632 quidem
459 2547 623 2614 est'oeulis
641 2547 786 2631 quamvis
804 2546 962 2614 formosus
979 2547 1107 2632 iniquis,
1166 2551 1167 2554 ’

243 2644 276 2700 et
291 2634 409 2720 placet,
426 2644 458 2698 et
475 2632 653 2719 possim‚'si
670 2654 735 2698 non
752 2632 794 2698 sit
809 2633 917 2710 frater,
935 2656 1052 2711 amare,

176 2796 179 2802 ⁴
243 2729 276 2785 et
291 2718 392 2784 medi
438 2741 476 2783 us
494 2729 571 2783 erat.
614 2740 726 2784 verum
743 2729 836 2784 nocet
853 2741 922 2785 esse
940 2740 1088 2784 sororem.

173 2816 178 2834 '
221 2819 223 2824 ’
244 2805 319 2870 dum
336 2827 388 2870 mo
412 2827 431 2869 o
448 2804 512 2871 tale
529 2802 607 2869 nihil
624 2804 760 2890 vigilans
778 2805 973 2871 committere
990 2813 1152 2890 temptem,

175 2909 227 2959 480
243 2913 337 2977 saepe
354 2889 428 2955 licet
444 2889 538 2955 simili
554 2888 664 2956 redeat
681 2890 742 2955 sub
758 2889 898 2974 imagine
915 2911 1060 2954 somnus:

243 2976 331 3043 tastis
349 2977 439 3045 abest
455 2997 576 3051 somno,
593 2997 653 3043 nec
671 2975 761 3042 abest
777 2974 900 3040 imitata
916 2977 989 3040 volu
1013 2987 1072 3044 tas.
1163 3005 1165 3008 ·

242 3084 300 3147 pro
318 3062 429 3127 Venus
447 3072 479 3127 et
495 3072 604 3126 tenera
621 3061 750 3128 volucer
768 3083 841 3126 cum
858 3071 958 3126 matre
1007 3060 1114 3162 upid0,

243 3147 362 3233 gaudia
378 3158 498 3232 quanta
514 3145 588 3216 tulit
615 3168 712 3231 quam
730 3169 781 3211 me
798 3146 966 3211 manifesta
982 3145 1081 3210 librdo

173 3232 196 3270 ‘⁸
243 3231 388 3320 contigitl
407 3243 443 3298 ut
459 3231 542 3298 iacui
559 3232 633 3365 t⁰li⁸
649 3232 788 3298 resoluta
804 3231 965 3297 medullisl

174 3337 224 3388 485
242 3330 277 3383 ut
294 3318 474 3384 meminisse
490 3318 592 3382 iuvat.
619 3318 765 3404 quamvis
782 3318 887 3383 brevis
903 3316 958 3383 illa
974 3317 1131 3404 voluptas,
1248 3317 1252 3322 ”

242 3426 369 3489 noxque
385 3404 447 3469 fuit
463 3425 615 3490 praeceps
633 3413 665 3469 et
682 3402 802 3505 coeptis
818 3402 928 3467 invida
943 3403 1068 3468 nostris.

243 3513 262 3555 o
280 3513 352 3576 ego,
369 3490 396 3554 si
412 3489 507 3555 liceat
523 3501 645 3555 mutato
661 3510 790 3554 nomme
806 3488 906 3574 iungi,

178 3655 181 3656 γ
243 3574 452 3660 quambene,
470 3572 597 3652 Cauno,
615 3585 670 3640 tuo
687 3584 831 3661 poteram
847 3596 947 3639 nurus
964 3596 1033 3640 esse
1054 3573 1190 3661 parenti!
1258 3575 1260 3578 ’

172 3673 177 3692 ¹
211 3656 215 3664 ’
244 3660 453 3745 quambene,
472 3657 596 3740 Cauno,
613 3682 684 3726 meo
704 3670 828 3745 poteras
846 3682 945 3745 gener
962 3682 1030 3725 esse
1047 3659 1201 3749 parentii

174 3765 226 3816 490
244 3746 363 3821 omnia,
382 3746 413 3809 di
430 3745 585 3821 facerent,
603 3756 709 3811 essent
726 3744 907 3810 eommunia
922 3745 1024 3823 nobis,

243 3843 368 3918 praeter
385 3852 474 3896 avos:
493 3842 528 3897 tu
545 3854 596 3895 me
614 3831 728 3896 vellem
746 3831 929 3916 generosior
946 3853 1042 3896 esses.

242 3916 349 3982 nescio
366 3937 462 3999 quam
479 3915 577 3981 facies
594 3916 701 4002 igitur,
719 3916 943 4002 pulcherrime,
961 3915 1108 3993 matrem3
1257 3999 1261 4003 Α

243 4012 277 4067 at
293 3999 387 4076 mihi,
404 4021 486 4083 quae
503 4001 586 4067 male
603 4009 689 4079 sum,
708 4022 788 4085 quos
805 4014 855 4077 tu,
874 4001 983 4067 sortita
999 4011 1157 4087 parentes,
1256 4005 1258 4007 ’

173 4083 182 4124 ‹
214 4087 218 4098 ¹
243 4086 289 4152 nil
305 4083 365 4152 nisi
381 4084 479 4153 frater
495 4085 571 4153 erist
589 4087 676 4173 quod
693 4087 794 4167 obest,
811 4085 845 4152 id
862 4086 1050 4155 babebimus
1067 4087 1186 4155 unum?
