2800 4500
234 235 299 306 224
565 251 600 308 Ρ.
619 249 744 310 OVIDII
760 248 925 310 NASONIS

232 374 368 453 reddite3
385 395 467 441 neve
485 396 562 440 auro
579 375 715 442 redimat
730 373 781 441 ius
798 374 887 441 triste
905 373 1051 462 sepulcri,

233 461 290 527 sed
305 459 453 527 lacrimis.
497 471 589 538 tunc,
606 482 681 528 cum
696 471 834 548 poterat,
852 461 1029 528 redimebat
1045 470 1078 527 et
1094 460 1191 529 auro?

233 547 366 613 dixerat.
409 557 443 611 at
459 547 596 633 populus
613 547 774 624 lacrimas,
792 567 872 630 quas
888 546 943 611 illa
959 547 1098 625 tenebat,
1178 628 1182 636 ⁴

232 654 297 697 non
314 641 410 698 tenet.
452 631 521 717 ipse
538 632 634 697 etiarn
651 632 731 698 flens
748 631 930 716 inritusque
948 632 1094 698 sacerdos

163 739 213 787 tre
231 717 375 818 praebita
392 716 533 782 coniecto
550 718 636 867 rupit
652 717 838 803 praecordia
855 716 949 783 ferre.

230 802 285 867 rlla
302 813 531 888 superterram
548 800 587 868 de
603 813 672 868 ecto
689 802 809 889 poplite
827 801 938 868 labens

231 888 361 975 pertulit
377 887 550 974 intrepidos
568 887 693 953 adfata
710 887 883 952 novissima
900 889 1017 953 vultus.

231 984 308 1038 tunc
325 993 453 1058 quoque
470 992 546 1037 cura
563 972 624 1038 fuit
639 984 747 1122 partes
765 974 871 1039 velare
889 974 1052 1060 tegendas,

231 1080 304 1124 cum
322 1058 462 1133 caderet,
480 1057 622 1143 castique
662 1081 737 1124 ecus
755 1080 881 1124 servare
897 1059 1038 1145 pudoris.
1071 1098 1104 1147 J

163 1165 214 1216 480
231 1143 374 1209 Troades
392 1143 554 1229 excipiunt
571 1144 815 1230 deploratosque
831 1155 996 1210 recensent

230 1228 424 1307 Priamidas,
442 1229 568 1313 etquid
585 1229 708 1295 dederit
724 1229 837 1295 domus
854 1251 920 1295 una
937 1230 1067 1309 cruoris,

230 1325 325 1399 teque
337 1325 490 1467 gemunt,
507 1313 609 1401 virgo,
626 1325 737 1398 teque,
755 1337 775 1380 o
791 1314 886 1379 modo
903 1315 993 1402 regia
1009 1315 1157 1395 coniunx,

230 1399 320 1485 regia
360 1399 423 1465 'cta
438 1422 569 1485 parens,
586 1400 686 1465 Asiae
703 1400 842 1465 florentis
860 1400 978 1487 imago,

155 1530 158 1541 .
230 1506 316 1550 nunc
333 1485 429 1551 etiam
446 1484 583 1572 praedae
600 1485 685 1550 mala
702 1507 785 1561 sors,
803 1506 900 1570 quam
917 1486 1018 1551 victor
1034 1485 1148 1553 Ulixes
1173 1507 1176 1511 ’

163 1593 214 1644 aar
232 1593 301 1636 esse
319 1593 410 1636 suam
426 1570 538 1648 nollet,
555 1570 617 1636 nisi
633 1570 721 1655 quod
738 1580 845 1637 tamen
862 1572 1004 1636 Hectora
1020 1583 1114 1657 partu

231 1656 385 1723 edideras.
426 1655 590 1721 domiuum
607 1655 701 1720 matri
718 1656 773 1721 vix
789 1655 926 1742 repperit
944 1656 1075 1723 Hector.
1190 1716 1193 1720 ,

230 1763 312 1826 quae
330 1763 444 1827 corpus
462 1742 627 1842 complexa
643 1741 769 1809 animae
786 1753 852 1807 tam
868 1740 958 1807 fortis
975 1742 1080 1821 inane,

231 1848 311 1910 quas
328 1827 443 1893 totiens
460 1835 581 1912 patriae
598 1826 729 1893 dederat
745 1827 892 1912 natisque
908 1825 1050 1911 viroque,

230 1912 305 1979 huic
322 1933 450 1998 quoque
468 1912 523 1978 dat
537 1911 694 1978 lacrimas.
737 1912 883 1979 lacrimas
899 1913 933 1978 in
950 1914 1082 1979 vulnera
1099 1914 1204 1980 fundit

162 2019 214 2069 490
232 1998 403 2084 osculaque
420 2020 474 2064 ore
492 1997 572 2087 tegit
589 2009 803 2083 consuetaque
819 2008 952 2085 pectora
967 1998 1100 2085 plangit,

231 2083 442 2168 canitiemque
459 2106 550 2149 suam
568 2094 715 2150 concreto
733 2083 766 2149 in
784 2084 939 2171 sanguine
956 2107 1084 2150 verrens

230 2170 323 2257 plura
339 2168 482 2256 quidem,
500 2169 557 2235 sed
575 2179 607 2235 et
622 2169 704 2235 haec
719 2169 837 2236 laniato
854 2179 982 2258 pectore
1000 2170 1093 2235 dixit:

231 2263 335 2335 mata,
353 2254 564 2340 tuae—quid
582 2255 667 2322 enim
684 2257 849 2343 superest?
860 2291 905 2304 —-
917 2253 1254 2331 dolorultimematris,

230 2353 316 2419 nata,
332 2342 431 2419 iaces3
448 2337 606 2427 videoque
622 2352 729 2418 tuum,
746 2364 818 2408 mea
834 2342 981 2419 vulnera,
998 2342 1125 2407 vulnus.
1191 2346 1196 2355 '

161 2449 213 2499 495
231 2450 288 2505 en,
304 2450 346 2493 ne
362 2426 552 2514 perdiderim
570 2448 763 2511 quemquam
781 2427 849 2494 sine
866 2427 964 2493 caede
980 2449 1133 2504 meorum,

231 2526 266 2579 tu
283 2534 411 2598 quoque
428 2513 543 2577 vulnus
560 2512 669 2577 habes.
714 2523 746 2578 at
763 2523 809 2590 te,
827 2511 902 2597 quia
918 2512 1051 2591 femina,
1069 2514 1163 2579 rebar
1248 2539 1250 2544 ·

230 2622 251 2664 a
266 2597 350 2664 ferro
367 2609 484 2664 tutam:
502 2596 642 2663 cecidisti
659 2608 691 2663 et
707 2597 827 2664 femina
843 2598 928 2664 ferro
933 2622 942 2676 3
1073 2609 1076 2613 “

230 2694 341 2767 totque
358 2694 430 2748 tuos
447 2683 533 2749 idem
549 2683 677 2762 fratres,
695 2692 727 2749 te
744 2683 881 2769 perdidit
897 2684 992 2762 idem,

229 2769 360 2835 exitium
378 2768 493 2834 Troiae
508 2768 671 2853 nostrique
689 2769 826 2846 orbator,
843 2769 997 2835 Achilles.

162 2876 213 2927 ooo
230 2865 264 2919 at
279 2866 449 2940 postquam
466 2853 580 2921 cecidit
595 2853 722 2920 Paridis
739 2853 928 2939 Phoebique
945 2878 960 2919 s
1004 2854 1079 2933 ‘ttis,

229 2961 315 3006 nunc
332 2951 432 3019 certe,
450 2939 529 3017 dixi,
547 2961 612 3005 non
629 2951 678 3005 est
694 2941 884 3007 metuendus
901 2940 985 3005 Ach’
998 2942 1044 3005 les
1060 2976 1105 2988 —

229 3047 315 3091 nunc
332 3046 460 3110 quoque
476 3026 521 3090 mi
537 3025 728 3092 metuendus
745 3035 823 3092 erat.
866 3024 945 3091 cinis
962 3025 1031 3111 ipse
1048 3024 1163 3111 sepulti

229 3112 264 3176 in
280 3134 382 3198 genus
399 3112 461 3176 hoc
476 3111 591 3176 saevit:
610 3111 732 3176 tumulo
749 3131 877 3195 quoque
894 3110 1050 3176 sensimus
1067 3111 1205 3177 hostem:
1245 3117 1248 3126 '

229 3196 393 3263 Aeacidae
410 3196 548 3263 fecunda
568 3196 626 3262 fui
669 3197 752 3262 iacet
767 3196 850 3262 Ilion
867 3194 990 3281 ingens,

161 3304 211 3354 ooo
229 3294 409 3368 eventuque
425 3282 516 3369 gravi
533 3282 622 3347 finita
639 3293 688 3348 est
704 3280 833 3383 publica
850 3281 966 3359 clades,

229 3368 285 3434 sed
302 3367 392 3433 finita
407 3377 524 3434 tamen.
568 3367 626 3433 soli
642 3368 721 3432 mihi
737 3365 899 3453 Pergama
914 3377 1044 3447 restant,

229 3453 262 3519 in
280 3475 438 3538 cursuque
455 3475 545 3518 meus
563 3453 652 3518 dolor
669 3463 727 3518 cst
770 3452 865 3517 modo
881 3452 1021 3518 maxima
1037 3475 1152 3531 rerum,

229 3550 276 3604 tot
292 3539 417 3626 generis
434 3539 581 3624 natisque
598 3549 711 3625 potens
728 3538 923 3622 nuribusque
940 3538 1082 3624 viroque,

228 3646 313 3690 nunc
330 3623 438 3690 trahor
454 3625 543 3703 exul,
560 3623 665 3710 inops,
682 3623 813 3689 tumulis
830 3625 942 3689 avulsa
958 3646 1111 3700 meorum,

160 3729 212 3779 olo
229 3710 406 3797 Penelopes
427 3731 555 3775 munus.
597 3730 681 3793 quae
698 3732 750 3775 me
768 3709 842 3774 data
858 3730 958 3794 pensa
974 3710 1151 3775 trahentem

227 3794 381 3860 matribus
399 3794 568 3862 ostendens
585 3794 705 3860 Ithacis
722 3795 827 3860 “haec
844 3793 993 3860 Hectoris
1009 3794 1064 3860 illa
1081 3807 1130 3860 est

229 3880 315 3943 clara
331 3901 461 3964 parens,
479 3880 558 3946 haec
575 3880 647 3947 est''
666 3879 749 3946 dicet
766 3879 951 3945 “Priameia
968 3878 1137 3945 coniunx.”

229 3973 364 4048 postque
380 3975 428 4029 tot
444 3964 577 4031 amissos
594 3977 630 4031 tu
646 3986 747 4044 nunc,
765 3986 847 4051 quae
865 3965 932 4031 sola
948 3965 1078 4032 levabas

163 4091 168 4104 .
186 4101 189 4106 ,
229 4058 387 4113 maternos
404 4049 523 4129 luctus,
539 4050 779 4122 hostiliabusta
794 4050 905 4140 piasti.
921 4111 938 4121 ..
986 4111 992 4119 ,
