2800 4500
297 271 666 334 uursuomuossou
681 270 755 330 nm.
773 271 853 331 x1v.
872 269 1017 330 terere.
1107 253 1172 324 253

149 399 231 468 bella
247 412 376 502 gerunt:
395 399 540 484 arcisque
557 398 610 463 via
626 396 766 484 Tarpeia
783 397 908 462 reclusa

147 489 179 553 di
225 511 277 553 am
295 509 433 551 ammam
450 506 554 571 poena
571 483 729 570 congestis
748 483 835 548 exuit
852 480 957 547 armis.

146 510 224 638 indi
239 573 298 637 sati
317 569 457 637 Curibus
475 571 642 636 tacitorum
658 590 747 634 more
764 568 912 653 lupomm

148 681 202 724 ore
219 668 367 743 premunt
384 677 478 721 voces
496 666 528 721 et
545 675 677 741 corpora
694 654 778 719 victa
796 673 908 738 sopore

146 743 301 808 invadunt
341 752 488 825 ortasque
504 751 631 825 petunt,
649 762 730 823 quas
747 737 838 804 obice
854 737 947 802 firmo

147 829 304 893 clauserat
351 827 448 892 'ades
492 848 589 891 unam
606 836 714 890 tamen
730 824 801 909 ipsa
818 822 947 888 reclusit

146 935 206 978 nec
223 912 389 998 strepitum
406 932 499 977 verso
518 909 669 977 Saturnia
686 909 814 975 cardine
830 906 915 974 fecit.

147 999 215 1063 sola
231 998 344 1064 Venus
383 1007 471 1062 ortae
488 995 640 1061 cecidisse
656 995 812 1081 repagula
829 993 941 1059 sensit:

147 1094 179 1148 et
196 1083 343 1148 clausura
359 1020 435 1158 luit,
453 1081 515 1146 nisi
532 1081 619 1164 quod
635 1080 815 1146 rescindere
831 1100 1006 1162 numquam

148 1168 197 1232 dis
214 1168 288 1232 licet
305 1178 377 1232 acta
394 1166 500 1233 deum.
542 1166 622 1231 Iano
638 1166 710 1231 loca
726 1165 835 1230 iuneta
851 1165 1001 1230 tenebant

147 1253 267 1317 Naides
285 1252 449 1318 Ausoniae
467 1251 573 1337 gelido
590 1251 730 1316 rorantia
745 1251 847 1315 fonte:

147 1337 205 1402 has
224 1348 315 1422 rogat
333 1336 496 1402 auxilium.
540 1359 600 1402 nec
615 1335 777 1422 nymphae
794 1336 878 1400 iusta
894 1344 1055 1421 petentem

147 1422 324 1487 sustinuere
342 1422 449 1499 deam,
467 1443 629 1505 venasque
646 1433 679 1487 et
695 1421 827 1486 flumina
844 1420 941 1485 sontis

148 1507 283 1573 elicuere
301 1507 360 1572 sui.
403 1506 547 1572 nondum
563 1519 671 1573 tamen
687 1506 775 1572 invia
791 1505 863 1571 Iani

148 1614 204 1656 ora
220 1592 357 1677 patentis
375 1603 477 1669 erant,
494 1613 598 1677 neque
615 1592 675 1658 iter
714 1592 906 1657 raeeluserat
922 1591 1019 1655 unda.

148 1676 252 1742 lurida
269 1689 452 1762 supponunt
468 1678 606 1743 fecundo
623 1679 672 1743 sul
691 1615 776 1742 liure
792 1677 874 1741 fonti

148 1761 384 1847 incenduntque
402 1784 497 1828 cavas
513 1763 656 1828 fumante
673 1701 828 1828 bitumine
845 1783 954 1827 venas.

148 1846 268 1912 viribus
286 1847 335 1912 his
353 1848 486 1933 aliisque
503 1870 603 1934 vapor
620 1847 798 1933 penetravit
815 1847 857 1911 ad
873 1846 938 1911 ima

148 1932 259 2009 fontis3
277 1944 309 1997 et
326 1932 445 2017 Alpino
463 1933 559 1997 modo
576 1954 658 2016 quae
676 1942 796 1998 certare
813 1931 911 2016 rigori

148 2016 314 2081 audebatis
332 2039 448 2100 aquae,
466 2039 531 2081 non
548 2016 659 2082 ceditis
676 2015 805 2103 ignibus
821 2015 908 2101 ipsis.

148 2100 336 2166 flammifera
352 2101 471 2186 gemini
488 2101 615 2168 ffimant
631 2100 798 2187 aspergine
815 2111 936 2186 postes3

147 2197 312 2272 portaque,
330 2185 524 2272 nequiquam
541 2187 651 2274 rigidis
690 2186 824 2252 remissa
841 2184 980 2262 Sabinis,

148 2272 236 2337 fonte
253 2271 315 2336 fuit
330 2282 527 2358 praestructa
543 2295 637 2349 novo,
677 2296 733 2336 um
749 2272 887 2337 Martius
904 2294 993 2337 arma

148 2358 293 2422 indueret
310 2358 411 2423 miles.
453 2380 536 2441 quae
576 2369 723 2441 ostquam
740 2358 897 2424 Romulus
914 2358 997 2422 ultro

148 2442 276 2530 obtulit,
294 2454 327 2508 et
342 2453 441 2508 strata
458 2454 505 2508 est
576 2466 614 2509 us
631 2444 779 2509 Romana
796 2442 925 2510 Sabinis

149 2528 332 2613 corporibus
350 2538 447 2593 strata
464 2539 575 2613 estque
592 2529 672 2606 suis,
690 2528 863 2615 generique
881 2549 1024 2594 cruorem

149 2613 303 2698 sauguine
321 2635 394 2678 eum
411 2615 511 2679 soceri
527 2615 712 2700 permiscuit
727 2615 844 2700 impius
862 2614 961 2679 ensis:

148 2720 227 2783 paee
244 2708 349 2764 tamen
368 2698 437 2764 sisti
453 2699 588 2776 bellum,
605 2699 716 2766 necin
734 2700 845 2765 ultima
861 2699 946 2765 ferro

82 2827 84 2830 -
112 2866 113 2869 Ἴ
149 2783 309 2848 decertare
348 2784 444 2862 lacet,
461 2784 655 2869 Tatiumque
673 2786 823 2851 accedere
840 2807 949 2871 regno.
966 2820 1011 2833 -

108 2889 110 2894 ·
149 2867 307 2933 ceciderat
323 2806 450 2944 latius,
467 2868 656 2955 populisque
673 2882 810 2954 aequata
827 2869 962 2947 duobus,

149 2952 300 3029 Romule,
318 2954 389 3018 iura
405 2953 514 3020 dabas.
558 2954 662 3040 posita
679 2977 753 3020 cum
770 2954 892 3020 casside
909 2955 1041 3020 Mavors

149 3038 264 3121 talibus
282 3038 409 3104 adfatur
426 3038 598 3123 divumque
614 3040 843 3124 hominumque
860 3051 1038 3126 parentemz

149 3130 227 3187 ‘tem
251 3145 289 3187 us
307 3123 410 3202 adest,
427 3124 560 3210 genitor,
579 3124 931 3208 quoniamfirndamine
948 3146 1065 3211 magno

148 3229 199 3272 res
267 3231 362 3273 mana
379 3210 465 3275 valet
480 3231 540 3275 nec
556 3210 701 3296 praeside
718 3211 835 3296 pendet
852 3210 894 3275 ab
912 3232 986 3287 uno,

148 3293 303 3377 praemia,
321 3313 404 3376 quae
421 3294 576 3380 promissa
591 3295 670 3360 mihi
687 3296 848 3382 dignoque
864 3296 982 3381 nepoti,

149 3378 283 3453 solvere,
302 3390 334 3443 et
351 3379 492 3444 ablatum
509 3380 600 3445 terris
617 3381 778 3467 imponere
796 3381 894 3446 caelo.

148 3474 184 3527 tu
201 3463 278 3527 mihi
300 3464 431 3530 coneilio
449 3466 609 3549 quondam
625 3478 792 3552 praesente
809 3467 940 3532 deorum

147 3546 238 3630 (nam
254 3571 409 3627 memoro,
426 3551 621 3633 memorique
638 3551 743 3617 animo
760 3551 814 3638 pia
830 3551 929 3616 verba
944 3551 1068 3637 notavi)

148 3638 257 3698 “unus
274 3633 346 3709 erit,
365 3655 461 3717 quem
477 3645 512 3701 tu
530 3637 621 3703 tolles
637 3636 671 3701 in
688 3637 816 3703 caerula
832 3636 934 3702 caeli’'

148 3716 270 3782 dixisti:
287 3729 357 3783 rata
374 3719 414 3784 sit
430 3719 598 3786 verborum
616 3745 741 3787 summa
757 3722 905 3788 tuorum’

147 3802 260 3868 adnuit
290 3803 502 3889 omnipotens,
520 3818 553 3872 et
568 3806 708 3873 nubibus
725 3813 799 3873 a'e'ra
816 3808 919 3873 caeeis

148 3884 287 3952 oeculuit
304 3888 484 3973 tonitruque
502 3902 534 3957 et
549 3891 676 3978 fulgure
693 3893 805 3959 terruit
821 3892 943 3958 urbem.

147 3992 230 4069 quae
248 3971 309 4037 sibi
325 3974 498 4059 promissae
516 3977 612 4042 sensit
634 3989 704 4044 rata
721 3978 812 4065 signa
828 3977 968 4064 rapinae,

148 4054 338 4142 mnixusque
355 4057 466 4128 hastae
482 4083 608 4148 pressos
625 4074 752 4133 temone
769 4075 901 4148 cruento
