2800 4500
243 205 287 271 50
575 217 609 272 P.
628 215 753 273 OVIDII
770 213 933 272 NASONIS

243 354 373 432 pectora
389 351 552 408 traxerunt
569 353 697 407 tenuem
714 362 864 426 pereussa
880 340 1039 418 ruborem,

244 452 309 496 non
326 430 416 494 aliter
433 450 530 513 quam
545 449 641 513 poma
658 428 774 504 solent,
793 448 875 510 quae
893 425 1028 492 candida
1044 432 1134 510 parte

267 526 334 581 arte
351 514 478 590 rubent,
497 523 553 578 aut
568 524 606 578 ut
622 512 717 578 variis
736 512 815 579 solet
831 535 895 578 uva
911 511 1044 577 racemis

177 621 227 672 485
244 540 361 667 ducere
378 621 574 686 purpureum
590 599 733 663 nondum
750 609 876 664 matura
892 599 1039 664 colorem.

246 710 328 772 quae
346 685 440 750 simul
457 684 580 769 aspexit
596 684 769 767 liquefacta
784 707 894 750 rursus
910 683 944 748 in
960 683 1058 759 unda,

245 795 311 838 non
328 771 400 836 tulit
416 771 547 835 ulterius
552 794 562 848 ;
580 770 636 836 sed
653 781 689 834 ut
705 770 902 837 intabescere
918 769 1020 834 flavae

245 859 321 944 igne
337 857 402 923 levi
418 878 524 931 cerae,
540 855 777 939 matutinaeque
794 856 926 941 pruinae

247 945 314 1010 sole
331 953 458 1029 tepente
475 941 591 1018 solent,
609 941 655 1005 sie
672 951 854 1007 attenuatus
871 962 978 1006 amore

179 1048 230 1098 490
246 1029 379 1114 liquitur
395 1037 427 1094 et
443 1037 527 1092 tecto
545 1027 696 1111 paulatim
715 1027 856 1113 carpitur
871 1027 948 1112 igni.

248 1126 280 1181 et
296 1135 400 1197 neque
416 1113 481 1177 iam
498 1112 583 1176 color
600 1123 648 1178 est
664 1111 764 1177 mixto
782 1112 917 1177 candore
934 1110 1052 1187 rubori,

137 1280 140 1284 ⁴
247 1222 308 1266 nec
324 1200 416 1286 vigor
433 1209 465 1265 et
481 1196 564 1262 vires
582 1207 615 1262 et
631 1219 715 1280 quae
732 1198 826 1262 modo
843 1198 911 1262 visa
928 1197 1106 1282 placebant,

247 1307 307 1351 nec
324 1306 438 1369 corpus
454 1293 611 1360 remanet,
628 1282 790 1366 quondam
808 1281 895 1367 quod
912 1294 1072 1348 amaverat
1089 1278 1191 1346 Echo.

248 1392 329 1454 quae
346 1381 454 1434 tamen
470 1379 507 1432 ut
523 1368 616 1445 vidit,
634 1368 781 1452 quamvis
797 1368 877 1433 irata
894 1389 1086 1452 memorque,

180 1475 230 1524 495
247 1455 396 1533 indoluit,
412 1453 621 1538 quotiensque
637 1476 719 1554 puer
735 1453 922 1519 miserabilis
940 1453 1064 1519 ‘eheul’

250 1543 386 1618 dixerat,
402 1539 482 1604 haec
499 1541 619 1603 resonis
636 1537 772 1605 iterabat
789 1539 920 1604 vocibus
939 1538 1054 1604 ‘eheu'

249 1647 386 1710 cumque
403 1646 477 1689 suos
495 1623 641 1690 manibus
658 1634 857 1709 percusserat
873 1625 925 1690 ille
942 1624 1086 1702 lacertos,

249 1712 329 1777 haee
346 1731 474 1795 quoque
491 1709 649 1775 reddebat·
660 1709 798 1774 sonitum
816 1711 977 1796 plangoris
994 1711 1140 1776 eundem.

249 1798 361 1861 ultima
377 1817 441 1860 vox
458 1794 583 1859 solitam
599 1793 663 1859 fuit
677 1794 757 1860 haec
773 1795 944 1881 spectantis
961 1795 994 1860 in
1011 1797 1130 1860 undam

181 1901 232 1952 500
251 1882 329 1947 ‘heu
346 1881 462 1945 frustra
480 1880 593 1945 dilecte
609 1879 718 1965 puerl'
736 1881 931 1965 totidemque
948 1881 1068 1946 remisit

250 1967 349 2033 verba
365 1968 464 2031 locus.
509 1965 656 2048 dictoque
675 1966 780 2044 ‘vale,’
798 1967 897 2032 ‘vale’
915 1967 1019 2050 inquit
1036 1977 1067 2032 et
1083 1966 1185 2053 Echo·

250 2053 303 2118 ille
322 2062 419 2138 caput
435 2051 527 2116 viridi
543 2051 665 2117 fessum
682 2051 840 2117 summisit
855 2052 889 2117 in
906 2051 1019 2119 herba:

249 2137 371 2203 lumina
387 2159 472 2202 mors
490 2136 603 2201 clausit
619 2137 739 2202 domini
755 2137 903 2203 mirantia
918 2137 1063 2203 formam.
1137 2140 1141 2145 ’

250 2233 318 2288 tum
337 2244 464 2307 quoque
481 2244 530 2300 se,
547 2234 718 2307 postquam
735 2235 784 2288 est
799 2222 924 2289 inferna
941 2223 1016 2290 sede
1033 2235 1189 2309 receptus,

185 2328 233 2378 505
250 2310 284 2374 in
303 2308 418 2395 Stygia
434 2308 599 2394 spectabat
614 2331 708 2392 aqua.
752 2311 903 2395 planxere
920 2330 1042 2374 sorores

249 2394 369 2460 Naides
387 2404 418 2458 et
435 2404 538 2460 sectos
554 2393 644 2458 fratri
683 2415 796 2459 osuere
813 2394 954 2480 capillos,

250 2480 441 2581 planxerunt
456 2477 618 2562 Dryades:
636 2416 860 2564 plangentibus
878 2490 1005 2543 assonat
1021 2478 1122 2543 Echo.

249 2586 377 2648 iamque
394 2585 508 2649 rogum
525 2585 721 2647 quassasque
737 2562 824 2629 faces
841 2563 1056 2647 feretrumque
1065 2564 1241 2714 parabant:

250 2672 409 2734 nusquam
426 2669 541 2733 corpus
559 2659 635 2713 erat.
679 2671 825 2716 croceum
864 2671 900 2714 ro
918 2670 1049 2735 corpore
1088 2671 1175 2714 orem

183 2753 234 2802 510
251 2735 431 2811 inveniunt,
448 2732 532 2798 foliis
550 2734 691 2798 medium
709 2672 908 2820 cingentibus
926 2734 1016 2799 albis.

294 2817 433 2905 Cognita
442 2842 493 2884 res
507 2818 653 2884 meritam
662 2820 727 2884 vati
740 2843 797 2905 per
804 2820 967 2886 Achaidas
979 2819 1074 2885 urbes
1128 2837 1259 2890 Pentheus.

254 2906 403 2971 attiderat
418 2903 552 2981 famam,
569 2927 749 2989 nomenque
766 2918 834 2972 erat
850 2906 980 2992 auguris
997 2906 1119 2991 ingens.

250 2990 370 3076 spernit
390 2988 583 3055 Echionides
600 3003 708 3056 tamen
723 2991 808 3057 hunc
824 3015 865 3058 ex
882 2991 1028 3057 omnibus
1045 3014 1128 3056 unus

250 3087 447 3162 contemptor
464 3098 613 3162 superum
634 3076 807 3154 Pentheus,
824 3098 1042 3178 praesagaque
1060 3077 1141 3142 ridet

182 3180 232 3231 515
251 3161 350 3228 verba
367 3161 451 3227 senis
472 3162 681 3245 tenebrasque
699 3174 732 3229 et
749 3162 871 3228 cladem
887 3163 967 3227 lucrs
984 3162 1150 3248 ademptae

250 3247 356 3313 obicit.
391 3247 444 3311 ille
465 3267 599 3312 movens
619 3247 760 3313 albentia
777 3260 919 3333 tempora
936 3246 1023 3311 canis
1166 3323 1168 3326 ¹

250 3340 358 3418 ‘quam
375 3332 453 3397 felix
470 3354 566 3409 esses,
585 3331 613 3397 si
630 3342 666 3396 tu
683 3354 811 3416 quoque
828 3333 955 3397 luminis
973 3331 1067 3396 huius
1142 3338 1145 3344 ’

251 3418 360 3483 orbus’
378 3418 423 3482 ait
441 3417 553 3493 lieres,
570 3440 612 3484 ne
630 3418 790 3483 Bacchica
798 3440 888 3482 sacra
897 3416 1038 3482 videres!

250 3523 388 3585 namque
406 3502 474 3567 dies
491 3503 606 3579 aderit,
624 3525 721 3587 quam
737 3524 802 3567 non
819 3502 930 3588 procul
947 3525 987 3567 au
1034 3524 1087 3566 ror
1104 3524 1184 3580 esse,

182 3606 233 3655 520
250 3610 315 3671 qua
332 3608 433 3652 novus
450 3587 514 3653 huc
531 3588 651 3666 veniat,
669 3589 774 3673 proles
793 3586 963 3665 Semeleia,
1012 3588 1090 3653 iber.

249 3694 345 3755 quem
361 3672 423 3735 nisi
440 3673 631 3758 templorum
647 3672 746 3738 fueris
764 3673 912 3758 dignatus
928 3673 1057 3748 honore,

249 3756 336 3821 mille
352 3757 438 3822 lacer
455 3780 604 3843 spargere
622 3758 715 3835 locis,
733 3769 764 3823 et
781 3758 936 3844 sanguine
953 3759 1048 3822 silvas

250 3841 394 3907 foedabis
411 3854 608 3926 matremque
624 3854 714 3909 tuam
731 3843 903 3926 matrisque
921 3865 1052 3908 sorores.

251 3925 385 3993 eveniet.
428 3949 532 4010 neque
550 3928 635 3993 enim
651 3928 824 4013 dignabere
842 3951 959 3994 numen
975 3925 1105 4006 honore,

186 4031 235 4080 525
249 4034 363 4099 meque
381 4012 441 4077 sub
460 4012 510 4079 his
528 4014 665 4081 tenebris
682 4015 815 4081 nimium
833 4014 949 4082 vidisse
967 4012 1126 4101 quereris?
1199 4019 1200 4022 ’
