2800 4500
286 243 654 303 METAMORPHOSEON
669 245 744 301 LIB.
762 245 813 300 IX.
832 244 977 301 539-626.
1084 230 1146 298 159

122 392 211 437 mens
229 379 336 436 tamen
352 379 388 434 ut
405 368 512 446 rediit,
529 369 647 457 pariter
663 366 785 433 rediere
804 366 937 444 furores,
984 392 986 395 ¹

121 456 294 543 linguaque
311 450 366 520 vix
383 454 462 520 tales
479 453 542 519 icto
560 452 648 518 dedit
664 458 737 518 aere
754 472 865 517 voces:

122 547 170 609 ‘et
186 538 313 607 meritol
331 539 409 623 quid
425 538 510 604 enim
527 538 694 604 temeraria
710 537 848 602 vulneris
867 536 961 603 huius

121 626 273 692 indicium
289 625 373 691 feci?
396 623 486 710 quid,
504 645 587 708 quas
605 623 738 688 celanda
754 621 894 698 fuerunt,

122 722 189 777 tam
206 711 269 777 cito
287 709 431 776 commisi
448 709 624 796 properatis
641 707 741 774 verba
757 707 901 773 tabellis?

122 808 196 862 ante
214 807 281 863 erat
299 794 458 882 ambiguis
475 793 573 859 animi
590 792 746 860 sententia
763 792 856 858 dictis

122 880 384 982 praetemptanda
399 879 487 945 mihi.
530 903 570 946 ne
588 901 653 943 non
669 879 855 963 sequeretur
872 889 1010 958 euntem,

145 979 211 1032 arte
229 966 336 1052 squua
352 964 429 1043 veli,
447 965 549 1050 qualis
566 965 650 1030 foret
667 987 760 1041 aura,
778 975 888 1028 notare

121 989 295 1119 debueram
313 1061 445 1135 tutoque
462 1049 542 1115 mari
559 1051 740 1116 decurrere:
758 1070 841 1134 quae
857 1071 944 1115 nuno

122 1159 187 1203 non
205 1135 377 1223 exploratis
393 1134 522 1221 implevi
540 1135 638 1200 lintea
654 1132 767 1199 ventis.

122 1223 250 1289 auferor
265 1221 299 1285 in
317 1220 464 1306 scopulos
482 1220 589 1306 igitur,
607 1219 823 1304 subversaque
841 1229 907 1287 toto

121 1306 240 1372 obruor
257 1302 401 1384 Oceano,
418 1328 458 1370 ne
481 1328 522 1370 ue
539 1305 657 1370 habent
673 1327 747 1370 mea
763 1304 835 1370 vela
851 1327 1009 1373 recursus.

122 1391 201 1476 quid
218 1391 305 1475 quod
322 1403 354 1456 et
371 1326 529 1455 ominibus
546 1389 639 1456 certis
656 1390 849 1477 prohibebar
865 1390 965 1455 amori

123 1477 289 1577 indulgere
306 1499 389 1553 meo,
407 1486 474 1540 tum
493 1497 566 1541 cum
583 1475 661 1540 mihi
677 1475 761 1542 ferre
778 1474 900 1541 iubenti

123 1561 241 1628 excidit
258 1572 289 1626 et
305 1560 382 1627 fecit
397 1583 471 1647 spes
488 1572 611 1627 nostras
629 1581 702 1627 cera
720 1561 875 1627 caducas?

121 1668 228 1713 nonne
244 1646 295 1711 vel
311 1646 366 1712 illa
382 1646 450 1712 dies
467 1645 571 1712 fuerat
587 1647 640 1711 vel
655 1656 724 1712 tota
740 1647 898 1725 voluntas,

122 1731 179 1799 sed
196 1731 301 1818 potius
317 1731 470 1796 mutanda
487 1731 574 1797 dies?
601 1731 680 1798 deus
697 1731 709 1796 i
732 1754 766 1798 ss
784 1732 934 1798 monebat

123 1818 276 1904 signaque
294 1828 381 1882 certa
397 1816 507 1882 dabat:
526 1818 554 1881 si
570 1838 635 1882 non
652 1839 685 1881 m
718 1838 736 1881 e
753 1839 832 1882 sana
848 1817 991 1884 fuissem.

122 1915 154 1969 et
171 1914 277 1967 tamen
293 1902 364 1988 ipsa
380 1902 467 1986 loqui
483 1923 543 1968 nec
559 1924 611 1968 me
628 1902 825 1969 committere
842 1924 933 1969 cerae

123 1988 310 2063 debueram,
327 2009 477 2087 praesens
500 2009 541 2053 ue
558 2008 646 2053 meos
664 1986 785 2072 aperire
802 1986 935 2052 furores.

121 2073 253 2139 vidisset
268 2072 429 2147 laonmas,
502 2082 571 2137 tum
587 2070 721 2138 vidisset
737 2073 882 2138 amantis.

121 2158 214 2261 plura
230 2157 318 2241 loqui
335 2167 493 2243 poteram,
512 2178 609 2241 quam
626 2177 709 2240 quae
727 2177 763 2222 ce
787 2179 839 2223 ere
856 2156 1002 2224 tabellae.

121 2243 221 2310 invito
237 2240 327 2329 potui
345 2240 541 2308 circumdare
557 2241 707 2308 bracchia
723 2179 805 2308 coilo

122 2341 169 2406 et,
187 2329 214 2394 si
230 2327 375 2405 reicerer,
416 2327 483 2392 otui
500 2326 653 2393 moritura
669 2328 771 2395 videri

122 2414 333 2501 amplectique
349 2350 448 2499 pedes
465 2412 643 2499 adfusaque
659 2436 791 2500 poscere
807 2414 915 2481 vitam.

121 2500 228 2564 omnia
243 2498 404 2574 fecissem,
422 2519 558 2582 quorum
575 2498 603 2563 si
619 2499 746 2585 singula
763 2499 875 2565 duram

121 2586 247 2651 flectere
263 2606 328 2649 non
345 2594 507 2684 poterant,
524 2583 701 2670 potuissent
718 2584 837 2661 omnia,
856 2598 1004 2652 mentem.

120 2669 253 2736 forsitan
270 2678 303 2735 et
319 2668 407 2734 mrssi
424 2668 465 2734 sit
482 2668 639 2754 quaedam
656 2671 751 2757 culpa
767 2671 911 2736 ministri.

121 2777 186 2821 non
203 2753 280 2820 adiit
297 2765 371 2841 apte
386 2775 447 2820 neo
463 2754 542 2841 legit
557 2754 686 2832 idonea,
705 2755 810 2834 oredo,

122 2852 275 2927 tempora,
292 2862 352 2905 neo
368 2838 461 2925 petiit
476 2838 651 2925 horamque
668 2841 873 2927 animumque
891 2855 1067 2910 vacantem.

121 2925 202 2992 haec
218 2946 354 2991 nocuere
371 2924 459 2989 mihi.
501 2946 606 3009 neque
623 2925 708 2991 enim
727 2936 776 2991 est
793 2926 833 2991 de
849 2926 965 3012 tigride
982 2940 1086 3007 natus,

120 3033 182 3077 nec
198 3010 317 3096 rigidas
334 3010 438 3076 silices
455 3010 632 3076 solidumve
649 3009 683 3076 in
700 3022 828 3095 pectore
845 3015 965 3078 ferrum

121 3106 178 3161 aut
194 3096 363 3161 adamanta
378 3095 475 3184 gerit,
492 3118 552 3161 nec
568 3096 619 3161 lac
635 3094 717 3161 bibit
732 3096 786 3162 ille
802 3097 942 3164 leaenae.

120 3181 279 3247 vincetur:
295 3180 572 3268 repetenduserit.
614 3203 674 3247 neo
691 3181 796 3247 taedia
813 3182 917 3283 coepti

120 3266 187 3332 ulla
203 3265 266 3331 mei
283 3265 422 3352 capiam,
440 3265 517 3330 dum
534 3265 662 3352 spiritus
679 3265 739 3331 iste
756 3268 905 3333 manebit.

120 3373 197 3416 nam
213 3351 365 3436 primum,
382 3350 409 3415 si
426 3350 512 3417 facta
528 3350 606 3415 mihi
622 3373 772 3417 revocare
790 3352 908 3432 liceret,

120 3458 186 3500 non
203 3435 345 3520 coepisse
362 3435 436 3499 fuitz
454 3449 567 3521 coepta
584 3458 768 3523 expugnare
785 3439 959 3503 secundum
978 3450 1036 3505 est.

121 3520 241 3606 quippe
257 3542 317 3586 nec
333 3520 387 3586 ille
403 3531 522 3605 potest,
539 3531 576 3587 ut
592 3522 655 3587 iam
673 3544 745 3588 mea
761 3533 837 3588 vota
853 3524 1039 3608 relinquam,

66 3679 72 3690 ,
120 3627 186 3672 non
202 3617 309 3670 tamen
326 3626 476 3670 ausorum
494 3629 619 3692 semper
634 3629 756 3673 memor
773 3630 843 3673 esse
860 3631 1018 3675 meorumz

121 3702 167 3769 et,
184 3689 259 3775 quia
275 3688 437 3766 desierim,
453 3690 566 3757 leviter
582 3692 720 3759 voluisse
736 3691 878 3771 videbor,

121 3775 289 3841 autetiam
306 3786 368 3840 tem
393 3786 477 3841 tasse
492 3775 582 3842 illum
599 3777 785 3863 insidiisque
801 3779 931 3865 petisset

120 3862 172 3926 vel
189 3873 275 3926 certe
290 3882 355 3924 non
370 3797 449 3937 boe,
467 3861 693 4010 quiplurimus
711 3874 805 3950 urget
822 3875 853 3929 et
870 3864 934 3932 urit

118 3956 248 4034 pectora
263 3956 386 4024 nostra,
403 3945 473 4022 deo,
491 3969 525 4011 se
565 3947 648 4012 victa
664 3947 795 4015 libidine
812 3950 932 4017 credar.

119 4031 256 4118 denique
272 4030 337 4097 iam
353 4052 478 4120 nequeo
495 4031 540 4098 nil
558 4032 752 4102 commisisse
768 4034 957 4104 nefandum:
