2800 4500
272 254 334 325 166
607 262 641 323 Ρ.
659 263 785 326 ovmu
800 263 963 327 NASONIS

267 414 332 459 non
349 414 460 459 nemus
478 390 662 469 Heliadum,
680 414 752 457 non·
762 390 928 457 frondibus
946 390 1091 457 aesculus
1107 387 1189 470 altis,

268 502 328 545 nee
345 478 430 544 tiliae
447 479 573 554 molles,
590 500 650 543 nee
667 478 762 562 fagus
780 488 812 543 et
828 477 949 542 innuba
965 478 1084 556 laurus,

268 587 328 629 nee
346 563 444 649 coryli
461 563 590 649 fragiles
610 573 641 628 et
658 562 802 628 fraxinus
819 562 906 628 utilis
924 561 1021 627 hastis

269 648 441 733 enodisque
459 649 546 713 abies
564 661 757 731 curvataque
775 647 945 734 glandibus
961 647 1024 712 ilex

219 751 251 801 95
269 746 301 800 et
318 734 465 820 platanus
483 732 616 819 genialis
634 755 770 818 acerque
788 732 946 798 coloribus
963 732 1076 818 impar,

269 819 505 903 amnicolaeque
523 817 616 882 simul
635 817 747 883 salices
764 828 796 884 et
813 818 961 903 aquatica
977 818 1058 882 lotos

269 915 485 991 perpetuoque
502 904 607 969 virens
625 902 747 968 buxum
764 914 939 987 tenuesque
956 903 1095 988 myricae

270 1014 287 1056 e
318 989 439 1055 bicolor
456 999 577 1074 myrtus
595 999 627 1053 et
644 988 732 1053 bacis
750 988 878 1053 caemla
894 987 989 1053 tinus.

291 1096 327 1140 os
344 1096 486 1159 quoque,
503 1073 674 1160 flexipedes
692 1073 843 1150 hederae,
862 1073 991 1139 veniatis
1009 1084 1040 1139 et
1057 1095 1122 1140 una

203 1180 252 1229 100
269 1160 456 1247 pampineae
473 1159 554 1225 vitea
572 1169 604 1225 et
620 1159 754 1224 amictae
771 1158 889 1223 vitibus
906 1158 998 1223 ulmi:

269 1246 401 1329 ornique
418 1256 451 1310 et
489 1244 576 1311 ioeae
593 1265 752 1330 pomoque
770 1255 899 1309 onerata
915 1243 1042 1309 rubenti

269 1332 401 1395 arbutus
419 1267 588 1406 atlhetae,
605 1330 733 1394 victoris
750 1329 906 1414 praemia,
923 1330 1058 1415 palmae,

269 1427 301 1481 et
319 1415 479 1481 succincta
497 1436 603 1480 comas
620 1414 805 1498 hirsutaque
822 1415 940 1479 vertice
957 1415 1062 1500 pinus,

268 1511 361 1586 grata
378 1501 473 1565 deum
489 1500 597 1564 matri:
616 1499 772 1583 siquidem
791 1496 964 1584 Cybeleius
980 1499 1067 1564 Attis

203 1605 251 1654 loa
270 1585 357 1651 exuit
373 1585 434 1651 hau
451 1584 611 1649 hominem
628 1596 804 1669 truncoque
821 1584 963 1649 induruit
979 1583 1045 1649 illo.

226 1669 427 1805 7Adfuit
444 1669 519 1734 huic
536 1668 648 1735 turbae
665 1681 766 1735 metas
782 1669 904 1735 imitata
921 1690 1099 1755 cupressus,
1128 1687 1293 1756 cyparissus,

269 1778 355 1820 nunc
372 1756 475 1832 arbor,
494 1777 574 1841 puer
591 1766 664 1820 ante
682 1755 742 1820 deo
759 1749 893 1820 dilectus
912 1756 953 1819 ab
971 1754 1035 1833 illo,
1097 1836 1099 1839 Ι

269 1840 325 1925 qui
342 1840 494 1905 citharam
510 1839 616 1906 nervis
634 1850 666 1906 et
683 1836 788 1909 nervis
805 1850 959 1926 temperat
976 1863 1096 1906 arcum.
1116 1915 1120 1923 ⁴

269 1947 406 2010 namque
423 1948 513 1991 sacer
524 1924 1031 2012 nymphisCarthaeatenentibus
1050 1949 1127 1992 arva

203 2030 252 2079 110
270 2011 382 2098 ingens
399 2032 511 2077 cervus
529 2021 610 2087 erat,
627 2011 755 2095 lateque
771 2011 953 2096 patentibus
970 2011 1050 2076 altas
1192 2016 1195 2025 '

269 2098 338 2183 ipse
355 2117 414 2161 suo
432 2096 527 2182 capiti
544 2096 718 2182 praebebat
735 2096 884 2161 cornibus
901 2096 1040 2161 umbras.

270 2203 389 2248 cornua
405 2182 572 2268 fulgebant
588 2203 681 2260 auro,
699 2180 900 2265 demissaque
916 2182 950 2247 in
967 2203 1071 2247 armos

291 2267 450 2334 endebant
466 2269 556 2333 tereti
574 2278 736 2354 gemmata
751 2267 881 2333 monilia
898 2268 989 2333 collo.

268 2290 358 2419 hulla
374 2376 470 2439 super
487 2352 623 2419 frontem
639 2353 747 2438 parvis
764 2364 915 2436 argentea
931 2352 1006 2418 loris

204 2455 253 2505 115
270 2439 376 2504 vincta
392 2440 590 2515 movebatur,
607 2438 763 2524 parilique
784 2446 888 2502 aetate
905 2434 1050 2500 nitebant
1213 2513 1215 2515 Ι

270 2523 399 2590 auribus
417 2548 435 2590 e
452 2523 587 2610 geminis
604 2524 723 2589 choum
740 2544 819 2588 cava
836 2534 978 2608 tempora
995 2527 1103 2589 bacae.

269 2611 361 2693 isque
378 2620 465 2675 metu
482 2631 603 2674 vacuus
619 2608 818 2692 naturalique
834 2630 953 2694 pavore

270 2694 414 2781 deposito
432 2695 590 2760 celebrare
608 2694 719 2758 domos
735 2693 965 2777 mulcendaque
984 2694 1065 2759 colla
1119 2738 1121 2743 -

270 2780 445 2864 quamlibet
461 2779 578 2866 ignotis
595 2779 743 2844 manibus
759 2779 913 2864 praebere
930 2780 1062 2844 solebat

203 2885 253 2935 120
270 2866 327 2931 sed
345 2869 451 2930 tamen
468 2876 540 2930 ante
559 2866 651 2941 alios,
670 2862 757 2930 Ceae
774 2864 983 2950 pulcherrime
1000 2865 1115 2949 gentis,

270 2960 380 3037 gratus
398 2962 480 3026 erat,
498 2947 684 3037 cyparisse,
702 2949 769 3015 tibi.
814 2961 848 3014 tu
865 2950 984 3036 pabula
1001 2972 1130 3015 cervum

270 3037 312 3100 ad
328 3057 426 3113 nova,
443 3047 478 3099 tu
496 3035 606 3120 liquidi
624 3035 764 3101 ducebas
780 3035 877 3100 fontis
895 3036 936 3099 ad
952 3035 1085 3113 undam:

270 3131 305 3186 tu
322 3121 417 3186 modo
434 3121 565 3186 texebas
583 3121 686 3186 varios
704 3144 761 3207 per
778 3119 1016 3195 comestores,

270 3228 356 3272 nunc
373 3226 470 3290 eques
488 3206 520 3270 in
538 3219 627 3307 tergo
644 3206 785 3272 residens
802 3206 865 3270 huc
882 3206 983 3270 laetus
1001 3216 1032 3270 et
1049 3206 1126 3271 illuc

203 3310 253 3361 125
270 3292 378 3357 mollia
394 3293 561 3378 purpureis
578 3292 726 3356 frenabas
745 3313 801 3355 ora
817 3290 972 3376 capistris.

271 3388 378 3443 aestus
396 3389 478 3453 erat,
496 3376 682 3460 mediusque
700 3376 782 3452 dies,
800 3376 939 3459 solisque
956 3399 1074 3476 vapore

271 3484 411 3528 concava
428 3462 530 3527 litorei
546 3462 714 3529 fervebant
730 3459 878 3525 bracchia
896 3458 1022 3525 Canen.

269 3547 374 3613 fessus
390 3547 423 3611 in
440 3547 576 3614 herbosa
593 3545 699 3633 posuit
716 3568 775 3611 sua
792 3567 924 3631 corpora
940 3558 1024 3610 terra

270 3654 383 3697 cervus
400 3644 432 3697 et
449 3632 582 3697 arborea
598 3632 699 3716 frigus
718 3631 854 3696 ducebat
871 3629 912 3696 ab
929 3631 1052 3697 umbra.

203 3733 253 3783 100
271 3715 356 3782 hunc
373 3740 452 3803 puer
467 3717 652 3803 imprudens
668 3716 771 3784 iaculo
790 3714 980 3801 Cyparissus
999 3729 1092 3782 acuto

270 3800 354 3874 fixit:
372 3812 419 3878 et,
436 3812 471 3866 ut
489 3823 584 3868 saevo
601 3801 786 3867 morientem
804 3802 934 3866 vulnere
952 3802 1039 3879 vidit,

271 3886 352 3951 velle
369 3886 451 3952 mori
467 3886 586 3953 statuit.
630 3908 713 3965 quae
729 3906 792 3960 non
811 3886 928 3952 solacia
943 3886 1095 3953 Phoebus
1161 3885 1163 3888 ’

272 3968 351 4034 dixit
368 3981 414 4047 et,
433 3980 470 4034 ut
485 3970 596 4035 leviter
634 3990 670 4035 ro
687 3972 881 4054 materiaque
899 3970 1028 4049 doleret,

226 4147 253 4160 Δ,
272 4053 449 4121 admonuitl
475 4057 575 4142 gemit
590 3993 644 4122 itis
660 4069 777 4137 tamen,
794 4077 971 4149 munusque
981 4080 1172 4148 'supremum
1290 4139 1295 4147 f
