2800 4500
248 262 311 335 120
422 275 428 283 ’
582 279 617 334 r.
636 276 761 337 ovron
777 275 940 336 nasama

290 403 456 470 Attonitus
473 412 561 468 tanto
578 402 766 469 miserarum
782 401 907 466 turbine
924 423 1041 477 rerum,

181 512 230 562 615
249 491 419 577 “Iuppiter
436 488 494 553 01”
513 487 579 553 dixi
596 487 650 553 “si
666 498 698 554 te
716 508 780 552 non
797 486 879 553 falsa
895 487 1069 571 loquuntur

249 576 335 642 dicta
351 574 412 641 sub
429 574 595 660 amplexus
612 573 759 660 Aeginae
776 571 939 659 Asopidos
956 572 1029 649 isse,

248 684 308 727 nec
324 671 371 736 te,
388 682 504 746 magne
521 668 620 746 pater,
637 658 737 724 nostri
754 658 854 744 pudet
871 679 940 723 esse
957 669 1136 744 parentem:

249 757 304 812 aut
319 745 397 810 mihi
414 745 511 810 redde
528 765 616 810 meos
621 790 631 821 ,
653 755 710 809 aut
727 765 779 809 me
800 764 928 827 quoque
946 744 1047 809 conde
1064 745 1250 831 sepulcrol''

247 832 301 897 ille
318 841 426 896 notam
442 830 568 915 fulgore
586 828 672 895 dedit
689 829 871 913 tonitruque
889 830 1037 895 seeundo.

182 937 232 987 cao
249 916 410 1003 “accipio,
428 916 554 999 sintque
571 915 632 980 ieta
649 935 762 1001 precor
778 914 883 980 felicia
899 915 1013 980 mentis

249 1002 342 1088 signa
358 1001 456 1067 tuae”
475 1000 550 1066 dixi.
595 999 707 1085 “quod
726 1000 782 1065 das
799 999 891 1078 mihi,
909 1000 1059 1100 pigneror
1076 1000 1199 1066 omen.”

249 1088 331 1153 forte
348 1086 409 1152 fuit
424 1086 515 1151 iuxta
532 1085 647 1171 patulis
664 1085 825 1149 rarissima
840 1107 936 1150 ramae

250 1195 340 1238 saera
355 1171 427 1237 Iovi
443 1192 579 1255 quercus
597 1169 637 1235 de
655 1170 775 1236 semine
792 1169 979 1236 Dodonaeo.

249 1259 302 1324 hic
318 1278 377 1322 nos
394 1256 569 1342 frugilegas
586 1278 622 1320 as
645 1256 769 1321 eximus
787 1256 914 1341 agmine
930 1257 1026 1342 longo

182 1362 232 1411 625
250 1343 371 1430 grande
389 1364 469 1407 onus
487 1341 603 1427 exiguo
621 1279 770 1406 lormicas
788 1362 842 1409 ore
859 1352 1006 1426 gerentes
1041 1384 1044 1389 ·

249 1448 430 1514 rugosoque
448 1449 541 1491 suum
559 1436 721 1492 servantes
738 1425 853 1492 cortice
870 1426 993 1492 callem.

250 1513 327 1578 dum
345 1534 512 1577 numerum
528 1511 635 1590 miror,
653 1511 825 1588 “totidem‚
843 1522 933 1597 pater
949 1511 1097 1598 optime‚”
1115 1513 1182 1578 dixi

251 1605 310 1664 “tu
328 1597 406 1661 mihi
423 1597 465 1662 da
482 1596 567 1662 cives
585 1608 617 1663 et
632 1596 740 1661 inania
756 1597 882 1663 moenia
899 1596 1041 1683 supple.''

249 1683 412 1749 intremuit
427 1682 587 1766 ramisque
604 1704 718 1747 sonum
735 1682 802 1747 sine
819 1682 946 1748 flamine
962 1682 1055 1748 motis

183 1787 234 1837 666
251 1770 314 1833 alta
332 1766 419 1833 dedit
435 1789 580 1851 quercus.
623 1767 741 1854 pavido
758 1766 836 1832 mihi
853 1766 996 1833 membra
1012 1768 1124 1835 timore

251 1854 453 1930 horruerant,
471 1852 660 1937 stabantque
677 1875 796 1919 comae.
840 1863 946 1919 tamen
964 1853 1073 1919 oscula
1089 1865 1191 1922 terrae

250 1939 481 2023 roboribusque
497 1938 580 2005 dedi.
623 1961 683 2005 nec
700 1961 752 2004 me
769 1960 897 2025 sperare
913 1938 1051 2005 fatebar:

251 2024 418 2111 sperabam
435 2035 542 2089 tamen
560 2035 654 2109 atque
671 2025 777 2089 animo
794 2047 866 2090 mea
883 2035 958 2089 vota
974 2023 1133 2091 fovebam.

250 2133 316 2176 nox
332 2109 432 2187 subit,
450 2120 481 2175 et
498 2110 582 2174 curis
599 2109 738 2176 exercita
755 2131 887 2195 corpora
904 2131 1034 2175 somnus

184 2215 234 2266 665
251 2205 396 2283 occupat.
440 2204 513 2261 ante
531 2195 639 2261 oculos
657 2195 769 2263 eadem
785 2195 864 2261 mihi
881 2217 1016 2279 quercus
1035 2196 1145 2263 adesse

251 2294 284 2349 et
299 2303 404 2346 ramos
421 2281 553 2347 totidem
571 2281 765 2366 totidemque
783 2282 931 2346 animalia
947 2281 1043 2347 ramis

250 2359 334 2433 ferre
351 2366 416 2432 suis
434 2366 502 2431 visa
519 2376 581 2443 est,
598 2367 779 2453 pariterque
794 2379 983 2433 tremescere
993 2377 1082 2432 motu

250 2452 510 2539 graniferumque
527 2475 546 2515 a
603 2475 642 2517 en
661 2452 810 2517 subiectis
828 2474 977 2538 spargere
993 2452 1026 2517 in
1043 2452 1140 2517 arvis:

251 2559 392 2603 erescere
409 2536 495 2620 quod
512 2559 549 2600 su
572 2536 617 2601 ito
635 2549 665 2602 et
682 2538 785 2602 maius
802 2537 968 2623 maiusque
985 2538 1085 2604 videri

184 2641 234 2691 646
251 2644 289 2688 66
306 2644 341 2687 66
358 2622 467 2688 tollere
484 2621 582 2685 humo
599 2632 750 2706 rectoque
768 2622 912 2688 assistere
929 2635 1051 2701 trunco,

251 2720 284 2773 et
300 2706 433 2772 maciem
450 2729 680 2791 numerumque
697 2709 816 2793 pedum
833 2708 1023 2793 nigrumque
1041 2710 1178 2775 colorem

250 2814 368 2879 ponere
385 2804 417 2857 et
434 2792 606 2857 humanam
623 2792 773 2859 membris
790 2794 940 2859 inducere
956 2794 1101 2859 formam.

250 2900 381 2943 somnus
399 2877 475 2942 abit.
519 2878 635 2943 damno
652 2878 788 2964 vigilans
804 2902 876 2945 mea
893 2879 971 2957 visa,
988 2900 1166 2981 querorque

250 2964 285 3028 in
302 2962 424 3048 superis
441 2962 511 3048 opis
528 2985 597 3029 esse
614 2963 701 3028 nihil.
746 2975 779 3029 at
795 2964 828 3028 in
846 2965 976 3029 aedibus
994 2987 1107 3051 angens

185 3068 234 3118 645
252 3071 396 3113 murmur
413 3060 494 3125 erat,
512 3070 670 3132 vocesque
688 3050 853 3114 hominum
871 3050 1020 3115 exaudire
1037 3050 1168 3116 videbar

250 3135 313 3199 iam
330 3134 408 3198 mihi
426 3134 581 3199 desuetas.
626 3134 702 3198 dum
720 3135 862 3220 suspicor
877 3135 935 3200 has
953 3156 1079 3219 quoque
1096 3137 1208 3214 somni,
1248 3155 1253 3166 ·

252 3242 324 3286 6666
342 3220 429 3284 venit
445 3218 600 3284 Telamon
616 3241 769 3305 properus
787 3219 971 3304 foribusque
988 3221 1118 3285 reclusis

251 3312 397 3391 “speque
414 3303 555 3388 fideque,
573 3304 691 3388 pater,’'
710 3304 790 3370 dixit
807 3305 952 3369 “maiora
968 3304 1100 3371 videbis.

251 3389 441 3492 egrederel’'
459 3389 618 3490 egredior:
637 3390 809 3475 qualesque
827 3390 859 3454 in
877 3390 1015 3475 imagine
1032 3390 1135 3456 somni
1190 3396 1193 3403 '

183 3494 234 3544 656
251 3498 338 3540 vrsus
356 3497 442 3540 eram
459 3475 576 3539 vidisse
593 3475 691 3553 viros,
710 3497 751 3540 ex
768 3474 877 3539 ordine
895 3477 973 3540 tales

251 3559 369 3645 aspicio
385 3580 561 3642 noscoque3
580 3560 698 3625 adeunt
714 3582 886 3646 regemque
904 3561 1050 3626 salutant.

250 3656 326 3710 vota
343 3645 413 3709 Iovi
429 3646 517 3709 solvo
534 3646 723 3730 populisque
740 3646 918 3711 recentibus
935 3646 1047 3712 urbem

275 3728 369 3793 artior
386 3739 418 3794 et
435 3751 552 3795 vacuos
569 3731 680 3816 priscis
697 3731 870 3796 cultoribus
888 3753 994 3816 agros:

290 3813 534 3899 ynnidonasque
551 3837 645 3893 voco,
662 3838 723 3882 nec
740 3816 860 3902 origiue
877 3816 1006 3882 nomina
1023 3817 1147 3885 fraudo.

184 3918 233 3968 655
252 3920 384 3985 corpora
400 3899 516 3964 vidisti.
559 3922 676 3979 mores,
694 3923 775 3985 quos
793 3912 867 3968 ante
883 3902 1046 3988 gerebant,

251 4004 471 4085 nuncquoque
479 3983 606 4051 habent:
616 4008 747 4072 parcum
755 4009 856 4073 genus
866 4000 914 4053 est
922 3987 1107 4075 patiensque
1115 3989 1274 4073 laborum,

252 4078 448 4158 quaesrbque
465 4079 574 4150 tenax,
592 4082 624 4138 et
639 4073 727 4160 quod
743 4073 886 4160 quaesita
901 4083 1050 4142 reservet.
