2800 4500
311 282 678 342 METAMORPHOSEON
693 281 768 340 LIB.
786 282 854 338 XII.
872 282 1016 339 218-305,
1110 264 1176 333 205

153 407 370 495 depressitque
387 409 481 486 duos,
499 409 639 473 Brotean
657 417 689 472 et
706 403 818 470 Orion.
863 402 943 469 Orio

153 505 255 559 mater
272 506 340 560 erat
356 494 500 580 Mycale,
518 515 615 577 quam
633 491 802 556 deduxisse
821 489 963 555 canendo

154 601 249 666 saepe
265 580 433 644 reluctanti
450 578 616 645 constabat
633 599 752 642 cornua
768 577 873 641 lunae.

154 670 244 729 “non
261 664 391 773 impune
407 664 505 740 feres,
523 663 577 729 teli
594 662 690 726 modo
707 661 799 746 copia
816 658 946 726 deturl'’

154 750 276 814 dixerat
293 748 447 827 Exadius,
465 749 582 833 telique
600 748 696 813 habet
713 748 822 822 instar,
839 745 873 809 in
890 745 955 809 alta

154 855 236 918 quae
254 834 380 899 fueraut
396 834 488 921 pinu,
505 833 604 900 votivi
622 855 741 897 cornua
758 830 853 896 cervi.

153 920 261 1004 figitur
277 919 351 985 hinc
368 920 486 1005 duplici
504 917 654 1003 Gryneus
671 916 843 982 inlumina
862 915 947 980 vallo

154 1004 337 1088 eruiturque
355 1006 477 1083 oculos,
494 1025 631 1088 quorum
647 1025 722 1090 pars
739 1001 888 1067 cornibus
906 1001 1023 1077 haeret,

153 1112 227 1175 pars
244 1090 313 1154 fluit
330 1089 365 1154 in
382 1090 514 1154 barbam
532 1099 741 1171 concretaque
758 1086 913 1173 sauguine
930 1085 1058 1170 pendet.

153 1196 228 1240 ecce
244 1174 328 1261 rapit
344 1174 456 1240 mediis
473 1175 659 1258 flagrantem
677 1173 822 1238 Rhoetus
839 1171 881 1235 ab
899 1171 961 1235 aris

151 1260 340 1344 pruniceum
356 1271 487 1336 torrem,
505 1259 679 1344 dextraque
696 1269 823 1343 aparte
841 1253 982 1322 Charaxi

154 1356 296 1430 tempora
312 1345 480 1432 perfringit
497 1344 585 1409 fulvo
602 1354 746 1430 protecta
763 1342 886 1428 capillo.

154 1430 289 1517 correpti
305 1430 430 1516 rapida,
447 1430 547 1496 veluti
564 1452 656 1515 seges
673 1429 776 1503 arida,
793 1429 922 1492 flamma

154 1527 299 1580 arserunt
315 1516 432 1592 crines,
450 1527 482 1582 et
499 1517 629 1580 vulnere
647 1513 777 1600 sanguis
793 1513 918 1577 inustus

153 1600 324 1665 terribilem
341 1601 475 1666 stridore
491 1622 604 1666 sonum
623 1600 722 1679 dedit,
741 1609 778 1663 ut
795 1600 870 1663 dare
887 1597 1006 1664 sermm

153 1685 228 1770 igue
245 1686 362 1751 rubens
378 1687 565 1771 plerumque
583 1686 676 1760 solet,
694 1684 780 1768 quod
798 1683 919 1768 forcipe
935 1705 1033 1748 curva

154 1793 228 1835 oum
245 1771 336 1836 faber
353 1771 476 1848 eduxit,
493 1771 626 1836 lacubus
645 1769 794 1845 demittit3
812 1780 845 1833 at
861 1768 940 1832 illud

155 1855 266 1921 stridet
283 1867 316 1920 et
331 1856 365 1920 in
382 1855 488 1941 tepida
506 1856 707 1920 submersum
723 1853 829 1918 sibilat
845 1854 941 1918 unda.

156 1940 281 2005 saucius
298 1939 428 2005 hirsutis
445 1940 575 2005 avidum
593 1940 633 2005 de
650 1939 790 2004 crinibus
806 1938 914 2023 ignem

155 2025 275 2090 excutit
291 2025 389 2108 inque
405 2046 532 2090 umeros
548 2025 645 2090 limen
662 2025 774 2088 tellure
791 2022 952 2088 revulsum

154 2109 249 2186 tollit,
267 2132 346 2173 onus
364 2109 506 2195 plaustri.
549 2108 635 2193 quod
652 2131 693 2174 ne
710 2107 870 2193 permittat
886 2107 920 2170 in
937 2106 1071 2184 hostem,
1154 2134 1156 2139 ¹

154 2194 224 2280 ipsa
241 2194 317 2260 facit
334 2194 482 2281 gravitas.
526 2194 646 2260 socium
664 2214 792 2278 quoque
809 2214 906 2259 saxea
922 2192 1021 2258 moles

154 2280 312 2366 oppressit
329 2280 432 2366 spatio
449 2291 585 2346 stantem
601 2279 748 2366 propiore
766 2276 930 2345 Cometen.

154 2365 272 2516 gqptdeia
289 2388 348 2515 nep
358 2366 479 2516 frerttipet
495 2366 670 2515 Rthoetus.t
693 2364 779 2516 “13ch
797 2364 1010 2515 coompqepor,’'
1027 2363 1140 2449 iuquit,

248 2474 285 2516 ra
302 2474 328 2515 s1
373 2473 391 2514 o
421 2475 448 2515 rs
465 2474 518 2516 cas
532 2473 640 2517 rorum
670 2474 710 2516 ur
781 2473 802 2514 u
823 2473 907 2515 rum.

155 2536 402 2620 semicremoque
419 2548 516 2602 novat
532 2537 701 2623 metitum
718 2535 824 2622 stipite
841 2536 956 2601 vulnus

154 2634 265 2705 terque
282 2633 456 2706 quaterque
474 2622 564 2708 gravi
580 2622 743 2687 iuncturas
761 2620 886 2687 verticis
903 2621 969 2686 ictu

153 2708 253 2793 rupit,
271 2707 352 2772 etin
370 2708 490 2791 liquido
507 2707 658 2773 sederunt
674 2729 747 2771 ossa
764 2706 904 2772 cerebro.

154 2792 255 2857 victor
271 2792 313 2856 ad
330 2792 496 2877 Euagrum
514 2790 756 2878 Corythumque
772 2791 983 2877 Dryantaque
1000 2791 1121 2857 transit.

56 2880 57 2883 ’
154 2899 173 2942 e
190 2878 305 2961 quibus
322 2888 359 2941 ut
375 2879 477 2963 prima
494 2888 596 2942 tectus
613 2877 764 2962 lanugine
781 2877 880 2941 malas

153 2962 323 3048 procubuit
341 2960 512 3047 Corythus,
530 2968 655 3049 “puero
671 2983 755 3046 quae
772 2961 874 3048 gloria
891 2961 963 3026 fuso

153 3058 246 3134 parta
262 3048 320 3113 tibi
337 3048 426 3112 est?'’
449 3046 599 3134 Euagrus
617 3048 670 3113 ait.
714 3068 773 3112 nec
792 3046 895 3112 dicere
912 3046 1057 3112 Rhoetus

153 3134 246 3219 plura
262 3133 349 3208 sinit,
367 3133 540 3217 rutilasque
557 3133 648 3199 ferox
664 3132 698 3196 in
715 3142 824 3217 aperta
840 3132 997 3215 loquentis

154 3218 294 3282 condidit
311 3240 366 3283 ora
383 3219 456 3296 viri,
497 3239 593 3302 erque
611 3240 646 3283 os
662 3218 696 3282 in
713 3227 855 3304 pectora,
872 3218 1026 3281 flammas.

153 3314 186 3368 te
203 3323 343 3387 quoque,
362 3326 456 3369 saeve
507 3327 579 3390 rya,
598 3304 717 3369 circum
735 3313 831 3389 caput
847 3304 922 3388 igne
939 3312 1042 3367 rotato

153 3388 342 3472 insequitur3
360 3388 497 3454 sednon
514 3389 547 3454 in
564 3401 596 3455 te
613 3410 741 3473 quoque
758 3388 896 3453 constitit
912 3389 998 3453 idem

154 3472 272 3538 exitus:
290 3472 436 3539 assiduae
453 3494 602 3540 successu
620 3474 725 3539 caedis
743 3485 901 3550 ovantem,

153 3578 218 3640 qua
234 3556 341 3623 iuncta
358 3568 406 3624 est
421 3580 531 3625 umero
549 3560 669 3636 cervix,
688 3558 767 3625 sude
784 3559 856 3644 figis
873 3559 996 3624 obusta.

152 3642 308 3727 ingemuit
325 3643 468 3727 duroque
485 3644 597 3711 sudem
614 3645 668 3710 vix
685 3665 755 3710 osse
772 3643 895 3709 revellit

153 3727 297 3793 Rhoetus
315 3728 432 3813 etipse
450 3751 508 3794 suo
524 3730 721 3796 madefactus
739 3729 893 3813 sanguine
909 3728 1003 3813 fugit.

152 3812 237 3897 sugit
254 3824 286 3879 et
303 3811 431 3879 Orn'e'us
449 3813 661 3901 Lycabasque
679 3825 711 3881 et
729 3814 854 3879 saucius
872 3836 960 3878 armo

152 3899 327 3965 dexteriore
344 3899 466 3965 Medon
484 3911 516 3965 et
533 3921 606 3964 cum
622 3900 774 3966 Pisenore
791 3899 955 3964 Thaumas
960 3922 970 3976 3

152 3983 270 4068 quique
287 3984 405 4069 pedum
422 4006 525 4070 nuper
541 3985 712 4050 certamine
729 3985 848 4049 vicerat
864 4005 974 4048 omnes

151 4068 329 4138 Mermeros
350 4074 492 4157 (accepto
508 4082 576 4135 tum
590 4071 728 4152 yulnere,
742 4069 861 4135 tardius
878 4067 960 4145 ibat)
