2800 4500
192 338 193 341 =
243 290 310 359 ’270
429 302 430 305 ’
501 301 543 311 ““
580 306 614 361 Ρ.
633 301 938 365 ovlunuasorus
974 303 1015 317 ’“
1082 304 1105 315 ’“

244 430 299 494 vix
316 430 397 495 bene
416 427 588 505 desierant,
606 424 680 493 cum
698 428 800 494 cristis
820 426 933 495 aureus
951 429 1022 497 altis

177 535 228 587 aro
244 515 279 579 in
296 524 441 600 serpente
459 512 537 578 deus
555 514 744 614 praenuntia
761 515 853 580 sibila
869 515 954 580 misit

244 601 446 684 adventuque
463 620 521 663 suo
539 622 565 662 si
610 621 731 685 umque
748 621 882 684 arasque
899 601 1046 685 foresque

243 706 519 768 marmoreumque
537 705 572 749 so
583 707 639 748 um
656 685 848 771 fastigiaque
865 709 962 752 aurea
978 686 1087 765 movit,

243 770 488 856 pectoribusque
504 780 597 834 tenus
614 770 720 835 media
738 771 882 836 sublimis
898 770 932 835 iu
949 771 1028 837 aede

244 856 384 921 constitit
400 867 496 938 atque
514 855 622 920 oculos
640 855 833 921 circumtulit
849 856 924 942 igne
941 857 1104 924 micantes.

176 959 225 1009 575
244 942 352 1006 territa
368 940 463 1005 turba
479 951 584 1026 pavet.
628 941 778 1026 cognovit
794 941 925 1007 numina
942 953 1046 1008 castos

244 1026 387 1092 evinctus
405 1026 484 1090 vitta
501 1026 603 1091 crines
621 1026 748 1091 albente
765 1026 922 1104 sacerdos,

243 1125 275 1177 et
292 1112 381 1176 ‘deus
399 1135 439 1176 en
457 1112 535 1175 deus
554 1110 614 1175 est!
634 1113 746 1177 animis
764 1115 943 1198 linguisque
961 1114 1074 1191 favete,

243 1196 386 1280 quisquis
404 1195 509 1261 adesl'
528 1195 607 1260 dixit
624 1196 697 1272 ‘sis‚
716 1217 737 1260 o
754 1196 1083 1280 pulcherrimarum

243 1282 370 1358 utiliter,
387 1303 429 1367 po
452 1281 585 1363 ulosque
602 1281 692 1346 iuves
711 1292 767 1346 tua
783 1303 874 1346 sacra
890 1283 1049 1348 colentes!

117 1447 118 1450 Ἴ
175 1384 226 1435 680
243 1367 385 1451 quisquis
445 1376 506 1442 est,
523 1366 646 1430 iussum
663 1378 832 1431 veneratur
847 1389 980 1444 numen,
998 1380 1030 1432 et
1044 1391 1156 1436 omnes

243 1453 341 1517 verba
358 1452 529 1517 sacerdotis
545 1451 687 1517 referunt
703 1453 864 1537 geminata
880 1453 1032 1538 piumque

242 1537 416 1604 Aeneadae
433 1547 593 1623 praestant
611 1547 643 1603 et
660 1558 739 1602 voce
756 1549 787 1602 et
804 1551 909 1602 mente
925 1537 1078 1603 favorem.

243 1622 354 1687 adnuit
370 1621 435 1699 his,
451 1622 607 1706 motisque
625 1622 704 1688 deus
720 1633 790 1688 rata
806 1623 941 1722 pignora
956 1624 1058 1689 cristis

243 1720 274 1773 et
290 1707 424 1794 repetita
441 1706 528 1771 dedit
544 1708 669 1772 vibrata
685 1708 779 1773 sibila
794 1708 913 1792 hngua.
974 1752 977 1759 ·

175 1809 225 1860 585
243 1804 319 1858 tunc
335 1792 488 1878 gradibus
505 1792 612 1857 nitidis
630 1792 788 1858 delabitur
804 1813 923 1876 oraque
939 1804 1024 1859 retro

242 1878 340 1944 flectit
356 1888 389 1943 et
405 1877 551 1961 antiquas
569 1877 712 1942 abiturus
729 1878 857 1965 respicit
873 1901 955 1956 aras,

243 1974 448 2047 assuetusque
465 1962 576 2029 domos
593 1962 798 2047 habitataque
815 1965 934 2051 templa
949 1965 1074 2030 salutat.

243 2049 317 2114 inde
333 2071 392 2135 per
408 2048 530 2115 iniectis
547 2048 733 2134 adopertam
750 2049 880 2114 floribus
896 2049 1010 2135 iugens

222 2165 225 2171 ·
243 2134 341 2221 serpit
357 2134 489 2198 humum
507 2134 667 2218 flectitque
685 2135 783 2212 sinus,
800 2135 1002 2219 mediamque
1019 2158 1076 2221 per
1093 2137 1205 2203 urbem

175 2236 225 2287 eto
243 2220 343 2286 tendit
360 2220 401 2285 ad
417 2219 549 2286 incurvo
566 2220 705 2287 munitos
723 2242 841 2308 aggere
856 2232 977 2308 portus.

242 2307 355 2371 restitit
373 2305 424 2371 hic
442 2328 620 2391 agmenque
637 2329 731 2372 suum
749 2307 924 2390 turbaeque
938 2307 1103 2391 sequentis

242 2391 383 2456 officium
399 2392 525 2477 placido
542 2392 629 2456 viarm
647 2392 804 2461 dimittere
821 2392 911 2457 vultu

243 2498 358 2560 corpus
374 2476 408 2540 in
425 2477 572 2541 Ausonia
587 2477 693 2562 posuit
710 2487 788 2541 rate.
831 2477 968 2545 numinis
986 2476 1040 2542 illa

243 2560 341 2626 sensit
357 2582 437 2625 onus
442 2586 451 2638 3
468 2582 641 2647 pressaque
658 2561 710 2626 dei
726 2562 883 2646 gravitate
899 2562 1007 2628 carina

176 2662 224 2712 595
243 2646 415 2711 Aeneadae
425 2645 587 2731 gaudent,
606 2667 762 2729 caesoque
778 2647 812 2711 in
828 2648 919 2713 litore
936 2659 1028 2713 tauro

242 2741 324 2795 torta
341 2743 508 2796 coronatae
524 2731 652 2796 solvunt
667 2732 841 2797 retinacula
860 2732 988 2817 puppis.

241 2816 411 2901 impulerat
426 2816 505 2881 levis
522 2839 600 2881 aura
617 2827 732 2881 ratemt
750 2817 828 2882 deus
845 2818 962 2883 eminet
979 2819 1051 2897 alte,

241 2901 453 2987 impositaque
469 2924 615 2987 premens
632 2903 765 2988 puppim
782 2903 904 2969 cervice
920 2925 1086 2969 recurvam

242 2987 402 3052 caeruleas
419 2987 582 3072 despectat
598 3009 709 3073 aquas.
751 2988 946 3072 modicisque
963 3012 1020 3074 per
1036 3011 1154 3074 aequor
1267 3016 1270 3029 ¹

175 3094 224 3142 τοο
242 3072 368 3136 Ionium
385 3071 532 3157 zephyris
549 3083 638 3139 sexto
655 3073 851 3138 Pallantidos
869 3084 941 3139 ortu

241 3158 368 3222 Italiam
385 3158 499 3233 tenuit,
517 3170 706 3242 praeterque
723 3158 858 3223 Lacinia
875 3159 992 3244 templo

240 3242 405 3307 nobilitata
422 3242 501 3307 deae
520 3242 737 3327 Scylaceaque
753 3243 847 3309 litora
863 3245 973 3310 femur.

240 3327 354 3411 linquit
370 3328 451 3413 Iap)⁷
475 3328 538 3391 'am
555 3327 718 3411 laevisque
734 3328 920 3413 Amphrisia
936 3329 1031 3395 remis

241 3436 319 3476 saxa
335 3413 433 3498 fugit,
474 3423 563 3477 extra
578 3424 749 3512 praerupta
767 3412 921 3479 Celennia
937 3426 1037 3500 parte,

174 3518 222 3566 705
241 3496 604 3582 Rhoemitiumquelegrt
614 3495 822 3582 Caulonaque
839 3499 1083 3583 Naryciamque,

241 3582 419 3665 evincitque
435 3581 552 3646 fretum
571 3581 735 3666 Siculique
753 3593 888 3668 angusta
904 3584 1013 3649 Pelori

240 3666 507 3753 Hippotadaeque
524 3667 635 3732 domos
652 3668 737 3753 regis
755 3668 970 3753 Temesesque
987 3670 1124 3749 metalla,

240 3752 431 3817 Leucosiam
453 3775 494 3817 ue
510 3752 590 3837 petit
607 3753 768 3838 tepidique
785 3755 905 3818 rosaria
921 3753 1040 3820 Paesti.

224 3837 313 3900 ‘inde
330 3836 408 3920 legit
426 3773 567 3926 Sapreaa
584 3837 900 3923 promunturiumque
917 3840 1085 3907 Minervae

174 3941 224 3990 ⁷10
242 3932 273 3985 et
291 3919 478 3985 Surrentino
495 3943 666 4007 generosos
682 3922 812 4008 palmite
830 3925 926 3989 colles

240 4004 495 4088 Herculeamque
511 4007 624 4072 urbem
643 4006 834 4092 Stabiasque
849 4020 882 4075 ct
899 4011 932 4074 in
950 4010 1015 4075 otia
1030 4021 1139 4077 natam

239 4087 465 4175 Parthenopen
481 4100 512 4156 et
530 4091 572 4156 ab
588 4090 649 4159 hac
667 4090 829 4161 Cumaeae
845 4096 964 4183 templa
981 4093 1134 4185 sibyllae.
1173 4111 1175 4118 ’
1273 4113 1276 4120 ’
