2800 4500
240 280 609 341 METAMORPHOSEON
619 281 693 336 LIB.
706 280 729 335 I.
742 280 886 336 7384778.
905 279 942 334 11.
956 279 1049 335 1-41.
1116 264 1156 330 19

473 498 589 559 LIBER
606 503 816 561 SECUNDUS.

134 666 238 752 Regia
256 663 340 731 Solis
358 674 425 729 erat
443 661 631 727 sublimibus
648 661 721 727 alta
731 660 894 738 columnis,
1086 675 1224 729 Ptatttou.

136 753 221 817 clara
238 752 374 815 micante
392 769 470 813 auro
487 748 695 830 flammasque
712 746 855 812 imitante
872 766 1005 832 pyropo,

136 837 226 902 cuius
244 837 324 901 ebur
340 834 475 899 nitidum
493 834 622 919 fastigia
638 855 763 897 summa
779 832 922 916 tegebat3

136 921 259 1007 argenti
275 920 394 986 bifores
411 919 578 984 radiabant
594 918 714 983 lumine
730 918 853 983 valvae.

135 1006 300 1072 materiam
317 1005 488 1091 superabat
506 1027 601 1091 opus:
617 1027 693 1069 nam
710 1003 872 1068 Mulciber
887 1002 952 1068 illic

121 1113 276 1176 aequora
292 1093 430 1156 caelarat
446 1090 567 1154 medias
584 1088 744 1175 cingentia
760 1101 861 1154 terras

138 1192 356 1261 terrarumque
373 1177 482 1241 orbem
501 1178 696 1259 caelumque,
716 1175 801 1257 quod
818 1174 960 1238 imminet
977 1171 1056 1238 orbi.

137 1263 299 1329 casualeos
316 1261 413 1327 habet
429 1262 521 1327 unda.
534 1262 623 1338 deos,
641 1260 774 1325 Tritona
791 1282 942 1325 canorum

136 1349 318 1432 Proteaque
335 1347 521 1432 ambiguum
546 1347 813 1430 balaenarumque
835 1354 1031 1431 prementem

136 1436 313 1519 Aegaeona
330 1432 395 1498 suis
412 1432 562 1497 immania
579 1443 670 1517 terga
686 1430 823 1507 lacertis,

136 1519 324 1602 Doridaque
341 1529 372 1585 et
389 1528 493 1595 natas,
511 1538 646 1601 quarum
664 1539 737 1601 pars
754 1539 832 1582 nare
849 1516 1005 1594 videntur,

136 1628 211 1692 pars
228 1605 262 1669 in
279 1605 363 1670 mole
380 1603 493 1669 sedens
510 1603 626 1667 virides
644 1603 762 1668 siccare
780 1602 920 1687 capillos,

136 1691 224 1778 pisce
240 1688 314 1755 vehi
331 1689 498 1773 quaedam.
541 1688 638 1753 facies
655 1709 720 1752 non
738 1688 884 1752 omnibus
901 1710 977 1763 una,

136 1799 202 1841 non
219 1775 345 1841 diversa
361 1785 482 1840 tamen:
500 1774 627 1858 qualem
645 1774 736 1839 decet
754 1795 823 1839 esse
841 1794 994 1837 summm.

137 1874 221 1928 terra
238 1862 324 1926 viros
339 1861 499 1944 urbesque
516 1860 597 1944 gerit
615 1859 773 1942 silvasque
791 1859 939 1940 ferasque

136 1947 331 2030 fluminaque
349 1958 381 2011 et
397 1944 557 2032 nymphas
567 1955 605 2010 .et
621 1956 726 2011 cetera
741 1943 873 2008 numina
888 1943 981 2008 ruris.

34 2094 36 2097 .
137 2033 217 2098 haec
234 2031 494 2180 superimposita
511 2041 559 2096 est
576 2030 656 2095 caeli
672 2029 824 2178 fulgentis
840 2029 958 2113 imago,

138 2118 293 2203 signaque
311 2140 366 2182 sex
398 2116 505 2181 oribus
523 2115 642 2180 dextris
659 2114 718 2180 toti
741 2135 854 2198 emque
871 2113 1014 2178 sinistris.

139 2225 202 2287 quo
220 2202 315 2267 simul
332 2202 451 2268 acclivo
470 2198 656 2287 Clymeneia
672 2200 772 2266 limite
788 2199 892 2286 pmles

139 2289 226 2354 venit
243 2300 274 2353 et
291 2288 419 2353 intravit
437 2287 571 2353 dubitati
587 2297 671 2353 tecta
687 2286 837 2372 parentis,

141 2374 283 2461 protinus
301 2372 341 2438 ad
359 2374 476 2458 patrios
494 2396 552 2437 sua
568 2372 632 2438 fert
647 2372 782 2458 vestigia
799 2372 905 2436 vultus

139 2459 343 2542 consistitque
360 2459 484 2544 procul:
503 2479 606 2542 neque
623 2457 707 2523 enim
724 2457 871 2544 propiora
889 2456 1012 2522 ferebat

138 2544 268 2609 lumina.
334 2567 471 2628 urpurea
487 2545 610 2609 velatus
627 2555 716 2609 veste
733 2543 864 2608 sedebat

137 2632 172 2695 in
189 2630 268 2695 solio
285 2567 437 2694 Phoebus
455 2629 547 2694 claris
564 2630 689 2695 lucente
707 2627 892 2713 smaragdis.

139 2739 159 2781 a
176 2716 288 2781 dextra
305 2715 459 2798 laevaque
476 2714 556 2780 Dies
573 2725 604 2780 et
622 2714 747 2779 Mensis
764 2725 795 2779 et
811 2716 928 2777 Annus

140 2799 339 2883 Saeculaque
357 2812 389 2865 et
406 2800 527 2885 positae
544 2800 654 2900 spatiis
672 2799 858 2881 aequalibus
876 2800 985 2863 Horae

139 2885 269 2970 Verque
286 2907 406 2952 novum
423 2886 529 2950 stabat
545 2895 684 2950 cmctum
700 2886 831 2949 florente
848 2904 974 2959 corona,

140 2972 245 3035 stabat
261 2971 349 3035 nuda
365 2971 483 3036 Aestas
500 2981 531 3035 et
548 2970 654 3055 spicea
671 2980 755 3035 serta
771 2968 913 3054 gerebat,

139 3056 243 3121 stabat
260 3067 291 3120 et
308 3056 493 3120 Autumnus
510 3055 639 3121 calcatis
656 3055 802 3120 sordidus
819 3054 901 3131 uvis,

139 3152 172 3206 et
188 3141 330 3226 glacialis
347 3141 461 3206 Hiems
479 3162 574 3206 canos
591 3140 714 3206 hirsuta
731 3140 871 3225 capillos.

139 3226 212 3291 inde
229 3226 299 3291 loco
316 3226 438 3291 medius
455 3249 562 3292 rerum
578 3227 719 3292 novitate
736 3235 906 3310 paventem

140 3309 198 3377 Sol
215 3312 313 3376 oculis
330 3312 491 3385 iuvenem,
509 3312 625 3396 quibus
643 3311 757 3397 aspicit
773 3311 892 3387 omnia,
909 3310 988 3376 vidit

140 3396 314 3480 ‘quae'que
332 3397 416 3461 ‘viae
434 3397 491 3461 tibi
508 3398 623 3461 causa?
641 3397 718 3479 quid
735 3396 810 3462 hac'
828 3396 873 3460 ait
889 3402 975 3461 ‘arce
993 3397 1108 3481 petisti,

140 3482 322 3582 progenies,
339 3480 521 3558 Phaethon,
540 3481 626 3566 haud
642 3481 808 3546 infitianda
825 3482 966 3567 parenti?

138 3568 191 3631 ille
208 3567 306 3631 refert
323 3573 357 3630 ‘0
374 3568 430 3631 lux
447 3566 594 3632 immensi
610 3565 739 3652 publica
755 3567 876 3642 mundi,

138 3652 285 3728 Phoebe,
302 3667 402 3736 pater,
420 3651 448 3717 si
465 3652 522 3716 das
539 3652 634 3718 huius
650 3652 730 3716 mihi
750 3652 886 3716 nominis
903 3674 1007 3728 usum,

138 3758 198 3802 nec
215 3737 297 3801 falsa
316 3732 471 3822 Clymene
489 3738 616 3823 culpam
633 3738 694 3802 sub
711 3737 850 3822 imagine
867 3738 963 3802 celat:

138 3822 273 3907 pignora
291 3822 346 3898 da,
364 3821 498 3907 genitor,
515 3844 572 3923 per
587 3844 670 3907 quae
687 3834 744 3887 tua
760 3845 836 3887 vera
851 3843 994 3908 propago

131 3905 260 3984 credar,
277 3918 309 3972 et
326 3906 411 3970 hunc
429 3907 541 3971 animrs
559 3930 696 3973 errorem
714 3906 845 3973 detrahe
861 3908 997 3972 nostris!

139 3990 272 4056 dixerat.
316 4001 349 4055 at
365 3991 491 4076 genitor
508 3992 626 4057 circum
644 4004 740 4078 caput
757 4015 850 4058 omne
867 3993 1020 4058 micantes
1175 4010 1211 4059 4ο

139 4075 286 4170 deposuit
302 4076 407 4147 radios
424 4077 617 4170 propiusque
635 4078 784 4148 accedere
801 4077 902 4157 iussit,

952 4177 988 4237 2*
