2800 4500
304 290 671 368 unriuolnnosrioh
686 309 761 366 ms.
778 291 831 366 rx‘.
849 311 993 369 roo-ms.
1095 282 1159 364 trs

137 409 282 503 fleinirsi'
297 434 345 500 ait
362 435 489 520 ‘paelex
506 433 643 501 lacrimis
658 432 829 500 laetabitur
845 434 923 500 istis.
957 441 960 445 ’
1049 442 1052 447 ’

137 542 220 608 quae
237 520 387 607 quoniam
403 519 564 671 πᾶνεηὶἓῐ,
585 519 820 605 properandum
837 519 1021 605 aliquidque
1037 543 1158 587 novan-
1177 539 1225 591 145

542 628 597 672 um
614 617 673 682 est,

138 692 215 758 dum
231 691 304 759 licet
322 703 354 759 et
371 693 512 765 nondum
529 691 684 757 thalamos
701 700 788 757 tenet
805 691 903 756 altera
920 701 1055 758 nostros.

138 798 314 861 conquerar
329 801 371 843 an
387 777 517 843 sileam?
533 787 674 927 ffitam
692 773 859 863 Calydona
875 777 1048 857 morerne?¹
1103 791 1106 797 '

138 864 290 929 excedam
307 864 398 933 tectis
416 887 472 940 an,
490 862 517 928 si
557 862 565 878 '
590 862 598 879 ‘
629 861 781 948 amplius,
798 862 941 929 obstem?

137 947 214 1032 quid
233 942 274 1026 si,
292 971 357 1026 me,
374 948 553 1036 Meleagre,
571 958 660 1013 tuam
675 964 798 1013 memor
814 970 884 1013 esse
901 964 1051 1026 sororem,

136 1033 219 1098 forte
230 1048 314 1120 ‘paro
330 1034 468 1112 facinus,
486 1043 704 1118 quantumque
720 1032 835 1098 iniuria
850 1034 952 1120 possit

136 1117 355 1202 femineusque
373 1120 472 1197 dolor,
488 1119 633 1204 iugulata
648 1118 769 1204 paelice
786 1119 915 1184 testorl’

132 1203 166 1272 in
184 1225 296 1267 cursus
314 1203 437 1268 animus
454 1204 558 1268 varios
577 1204 657 1269 abit:
670 1216 674 1223 '
688 1203 836 1270 omnibus
852 1202 915 1269 illis

135 1288 299 1375 praetulit,
316 1288 471 1354 imbutam
488 1288 609 1355 Nesseo
627 1289 781 1375 sanguine
798 1296 920 1356 'vestem

135 1372 275 1452 mittere,
293 1394 375 1461 quae
393 1374 476 1439 vires
494 1373 619 1440 defecto
635 1375 876 1440 reddatamori.
964 1406 966 1410 ·

135 1457 310 1544 ignoroque
328 1459 464 1537 Lichae,
481 1460 559 1544 quid
574 1460 680 1526 tradat
695 1460 817 1538 nescia,
835 1460 940 1539 luctus

135 1543 146 1608 i
170 1567 206 1607 sa
223 1565 298 1610 suos
314 1545 424 1622 tradit,
442 1544 628 1628 blandisque
646 1544 821 1611 miserrima
838 1546 954 1623 verbis,

159 1650 220 1693 ona
237 1629 290 1696 det
306 1629 361 1696 illa
378 1631 456 1706 viro,
473 1631 613 1696 mandat.
656 1626 742 1733 capit
757 1632 876 1697 inscius
893 1631 987 1698 heros
1097 1708 1099 1710 a

135 1713 340 1799 induiturque
353 1717 474 1781 'umeris
491 1715 656 1782 Lernaeae
673 1738 760 1782 vrrus
776 1715 954 1783 Echidnae.

135 1810 207 1865 tura
225 1799 321 1865 dabat
337 1801 447 1887 primis
465 1811 498 1867 et
513 1802 612 1868 verba
650 1802 791 1867 recentia
807 1802 944 1881 flammis

134 1886 272 1970 vinaque
289 1908 481 1952 marmoreas
497 1898 607 1972 patera
682 1886 779 1955 debat
794 1886 829 1952 in
845 1910 927 1953 aras.

134 1970 266 2036 incaluit
282 1972 331 2036 vis
348 1972 403 2036 illa
419 1970 496 2037 mali
512 1971 714 2056 resolutaque
730 1972 867 2037 flammis

35 2100 41 2109 ·
134 2056 312 2122 Herculeos
330 2056 408 2122 abiit
423 2056 486 2122 late
500 2056 623 2143 dilapsa
636 2078 694 2143 per
711 2068 808 2123 artus.

135 2141 214 2206 dum
229 2141 347 2227 potuit,
363 2142 457 2207 solita
472 2142 628 2226 gemit-um
643 2141 762 2208 virtute
779 2143 938 2230 repressit.
999 2156 1001 2159 ’

134 2226 218 2293 vieta
234 2226 327 2292 malis
343 2237 513 2314 postquam
530 2240 578 2294 est
594 2227 764 2314 patientia,
782 2251 816 2295 re
840 2228 921 2315 pulit
937 2251 1008 2295 aras

133 2312 339 2399 hplevitqus
357 2313 423 2378 suis
439 2320 640 2379 nemorosam
657 2312 790 2379 vocibus
843 2325 924 2380 eten.

133 2420 194 2464 nee
211 2420 314 2475 mora,
332 2398 489 2464 letiferam
506 2411 639 2464 conatur
655 2399 799 2466 scindere
816 2410 951 2465 vestem:

134 2493 199 2569 qua
215 2483 359 2561 trahitur,
376 2484 472 2549 trahit
488 2484 543 2550 illa
560 2494 679 2562 cutem3
697 2484 891 2569 foedumque
908 2486 1020 2564 relatu,

134 2579 190 2634 aut
207 2568 482 2635 haeret'membris
499 2569 616 2635 frustra
633 2580 791 2655 temptata
802 2570 922 2649 revelli,
1039 2605 1041 2616 ·

134 2665 190 2720 aut
207 2655 328 2720 laceros
346 2666 433 2721 artus
450 2665 482 2721 et
499 2655 633 2741 grandia
651 2655 771 2742 detegit
788 2677 870 2721 ossa.

132 2739 202 2841 ipse
220 2749 321 2816 cruor,
339 2740 445 2827 gelido
462 2762 522 2806 ceu
539 2740 704 2825 quondam·
716 2741 867 2807 lammina
884 2742 1023 2809 candens
1085 2754 1091 2762 ’

133 2836 232 2891 tincta
248 2826 334 2902 lacu,
352 2825 455 2891 stridit
472 2825 681 2910 coquiturque
699 2827 831 2893 ardente
847 2845 980 2892 veneno.

132 2932 193 2977 neo
209 2912 322 2976 modus
339 2922 401 2977 est:
419 2910 549 2977 sorbent
566 2911 678 2977 avidae
695 2911 880 2997 praecordia
896 2913 1053 2991 flammae,
1081 2989 1084 2994 ⁵

133 2996 360 3080 caeruleusque
377 2996 447 3061 fluit
463 3007 530 3062 toto
546 2996 587 3062 de
604 3016 735 3082 corpore
752 2997 859 3075 sudor,

134 3081 334 3165 ambustique
351 3093 466 3174 sonant
480 3081 585 3159 nervi,
603 3101 761 3166 caecaque
777 3082 925 3162 medullis
1017 3101 1019 3106 ·

132 3166 206 3233 tabe
223 3166 402 3250 liquefactis
428 3165 540 3232 tollens
570 3166 610 3231 ad
629 3167 734 3232 sidera
749 3169 893 3254 palmas

132 3251 304 3317 ‘cladibus’
323 3252 488 3328 exclamat,
507 3250 687 3328 ‘Saturnis,
705 3274 835 3339 pascere
851 3253 981 3319 nostris:

131 3359 262 3423 pascere
279 3346 312 3403 et
328 3335 410 3402 hano
426 3347 549 3421 pestem
565 3348 688 3439 specta,
707 3338 858 3417 crudelis,
876 3339 917 3404 ab
935 3340 1009 3414 alto,

132 3443 249 3505 corque
266 3421 370 3487 ferum
388 3423 482 3486 satias
499 3423 552 3488 vel
569 3444 596 3486 er
612 3423 811 3489 miserandus
829 3436 861 3490 et
880 3424 975 3502 hosti,

130 3506 191 3571 hoe
210 3517 267 3581 est,
285 3504 313 3569 si
330 3503 388 3582 tibi
406 3526 487 3581 sum,
506 3505 581 3570 diris
600 3505 792 3571 cruciatibus
810 3529 939 3593 aegram

130 3589 329 3673 invisamque
340 3587 487 3654 'animam
502 3600 672 3674 natamque
689 3591 852 3658 laboribus
869 3593 968 3658 aufer.
1173 3615 1222 3666 180

129 3695 216 3740 mors
232 3673 311 3739 mihi
327 3696 442 3739 munus
461 3675 534 3740 erit=
552 3675 643 3742 decet
660 3676 740 3744 haec
757 3678 832 3743 dare
850 3677 934 3743 dona
950 3700 1130 3744 novercam.
1176 3691 1188 3722 ³

130 3777 287 3845 ergoego
303 3759 485 3826 foedantem
502 3761 669 3846 peregrino
685 3762 804 3849 templa
821 3785 933 3829 cruore

129 3844 259 3911 Busirin
275 3844 404 3911 domui?
421 3866 580 3929 saevoque
597 3847 747 3912 alimenta
762 3848 902 3932 parentis

128 3931 256 3996 Antaeo
274 3930 394 4016 eripui?
409 3951 470 3995 nec
487 3953 538 3995 me
554 3930 689 4016 pastoris
706 3932 820 3997 Hiberi

128 4015 232 4081 forma
248 4015 376 4101 triplex,
393 4037 453 4080 nec
469 4015 573 4080 forma
589 4016 705 4101 triplex
722 4028 791 4093 tua,
810 4015 964 4097 Cerbere,
983 4019 1100 4086 movit?
1170 4037 1218 4092 18⁶

128 4121 241 4179 vosne,
258 4123 385 4179 manus,
403 4099 500 4167 validi
517 4100 675 4188 pressistis
693 4123 812 4170 cornua
828 4104 931 4170 tauri?
