2800 4500
316 260 684 327 unuauonruosu'ou
700 269 774 324 nus.
793 263 830 324 Η.
848 270 992 326 aaa-sca
1123 244 1164 321 31

146 394 279 461 collocat
294 395 328 459 in
345 394 484 460 thalamo
502 415 710 478 socerumque
727 394 881 479 Lycaona
898 394 1016 460 sumit?

146 494 179 546 at
195 502 253 547 vos
271 481 298 546 si
314 482 419 546 laesae
436 479 538 566 tangit
555 489 680 545 contem
704 491 754 545 tus
772 480 928 557 alumnae,

145 567 273 653 gurgite
291 567 436 633 caeruleo
454 577 575 651 septem
592 501 758 651 prohihete
775 565 892 630 triones

146 652 312 737 sideraque
328 652 362 716 in
379 651 475 731 caelo,
484 650 585 736 stupri
602 651 892 736 mercede‚recepta

147 738 267 823 pellite,
284 760 326 803 ne
342 758 423 825 puro
441 737 605 822 tinguatur
620 736 654 800 in
672 757 809 819 aequore
826 739 961 836 paelex!
1183 753 1235 803 580

188 823 233 888 Di
250 823 347 889 maris
363 824 548 888 adnuerant.
591 821 689 886 habili
708 821 859 889 Saturnia
875 845 969 889 curru
1102 820 1235 900 OQ&

146 907 321 994 ingreditur
337 909 492 992 liquidnm
509 907 687 993 pavonibus
705 908 834 974 aethera
850 909 957 995 pictiss
1103 889 1221 942 corma.

147 1005 213 1059 tam
229 1017 330 1080 nuper
346 994 439 1081 pictis
456 1014 549 1058 caeso
567 993 744 1078 pavonibus
762 994 865 1080 Argo,

147 1102 242 1165 quam
260 1092 297 1146 tu
312 1102 415 1166 nuper
435 1101 519 1156 eras,
537 1100 610 1143 cum
626 1079 781 1145 candidus
798 1091 872 1146 ante
889 1079 1014 1158 fuisses,

147 1188 241 1232 corve
258 1167 386 1249 loquax,
404 1165 509 1231 subito
526 1165 688 1248 nigrantes
707 1187 818 1231 versus
834 1167 868 1231 in
885 1167 962 1231 alas.
1184 1183 1234 1233 515

145 1275 220 1317 nam
237 1251 298 1316 fuit
312 1251 392 1317 haec
409 1251 570 1335 quondam
586 1251 687 1316 niveis
703 1263 855 1338 argentea
870 1250 984 1338 pennis
1218 1258 1223 1265 '

146 1339 226 1415 ales,
243 1349 279 1402 ut
296 1349 446 1420 aequaret
462 1348 545 1401 totas
561 1337 629 1402 sine
645 1337 719 1403 labe
736 1337 899 1402 columbas

145 1445 205 1489 nec
222 1422 392 1488 servaturis
410 1421 499 1507 vigili
517 1418 676 1508 Capitolia
693 1443 771 1489 voce

146 1509 272 1575 cederet
289 1508 453 1573 anseribus
470 1529 530 1573 nec
547 1508 666 1574 amanti
682 1508 814 1573 flumina
831 1522 941 1594 cycno.

144 1594 255 1695 lingua
271 1593 333 1658 fuit
350 1592 476 1657 damno.
518 1593 629 1679 lingua
645 1593 782 1659 faciente
797 1595 933 1677 loquaci,

146 1701 200 1764 qur
219 1680 304 1745 color
321 1678 412 1743 albus
430 1687 513 1756 erat,
530 1701 616 1744 nunc
634 1690 681 1745 est
698 1679 874 1744 contrarius
892 1679 974 1744 albo.

144 1764 305 1853 pulchrior
321 1765 354 1828 in
371 1774 450 1841 tota,
468 1784 565 1847 quam
587 1764 743 1830 Larisaea
769 1762 916 1842 Coronis,

144 1872 210 1916 non
226 1849 288 1914 fuit
304 1848 494 1914 Haemonia.
537 1850 657 1935 placuit
672 1849 745 1926 tibi,
762 1848 929 1934 Delphice,
948 1861 1043 1927 certe,

145 1935 222 2000 dum
240 1936 292 2001 vel
309 1946 397 2000 casta
413 1934 474 1998 fuit
491 1936 542 1999 vel
559 1935 769 2000 inobservata.
813 1934 871 2000 sed
888 1936 954 2000 ales

144 2021 243 2087 sensit
260 2021 451 2086 adulterium
467 2018 664 2097 Phoebeius,
682 2033 781 2103 utque
798 2020 949 2086 latentem
1184 2041 1234 2090 545
1350 2032 1353 2042 “

145 2107 307 2191 detegeret
323 2106 449 2191 culpam
466 2127 531 2170 non
547 2105 716 2170 exorabilis
733 2105 841 2183 index,

145 2192 187 2258 ad
204 2192 367 2258 dominum
383 2190 535 2257 tendebat
550 2192 619 2257 iter.
662 2212 758 2275 quem
775 2192 903 2294 garrula
919 2190 1013 2257 motis

146 2278 350 2362 consequitur
367 2278 493 2363 pennis,
511 2277 640 2343 scitetur
656 2289 692 2341 ut
711 2298 830 2354 omma,
849 2277 969 2354 cornix,
1106 2293 1234 2359 (Coram)

145 2363 315 2447 auditaque
333 2364 404 2429 viae
421 2385 519 2429 causa
536 2368 616 2427 ‘non
632 2362 710 2428 utile
727 2362 843 2449 carpis’

143 2449 247 2531 inquit
264 2449 350 2513 ί11555
368 2470 409 2513 ne
426 2470 540 2533 sperne
557 2470 648 2512 meae
664 2447 832 2534 praesagia
848 2448 986 2534 linguae.
1183 2469 1234 2519 555

143 2535 221 2619 quid
237 2534 353 2599 fuerim
370 2533 448 2616 quid
465 2534 587 2618 simque
605 2534 692 2612 vide,
710 2534 920 2617 meritumque
938 2534 1075 2618 require:

143 2620 300 2704 invenies,
317 2619 462 2684 nocuisse
479 2619 585 2684 fidem.
627 2642 704 2683 nam
720 2630 863 2706 tempore
879 2619 1018 2703 quodam

142 2704 251 2771 Pallas
268 2704 524 2781 Erichthonium,
543 2704 663 2790 prolem
681 2705 749 2770 sine
767 2718 867 2771 matre
885 2717 1034 2784 creatam,

23 2837 27 2843 -
144 2790 300 2856 clauserat
316 2790 440 2856 Actaeo
457 2800 544 2855 texta
561 2790 602 2854 de
619 2790 737 2855 vimine
755 2790 834 2855 cista

62 2923 77 2929 --
143 2875 383 2961 virginibusque
399 2875 501 2940 tribus
518 2874 646 2960 gemino
663 2875 704 2940 dc
723 2871 866 2960 Cecrope
883 2876 966 2940 natis
1182 2898 1232 2947 555

142 2972 175 3026 51
192 2962 295 3047 legem
314 2960 458 3037 dederat,
477 2983 536 3025 sua
552 2983 593 3025 ne
611 2971 732 3027 secreta
749 2960 902 3026 viderent.

143 3045 252 3111 abdita
267 3045 379 3111 fronde
395 3046 459 3111 levi
476 3046 575 3111 densa
591 3046 779 3132 speculabar
796 3046 837 3111 ab
854 3046 951 3124 ulmo,

143 3131 221 3213 quid
237 3130 387 3196 facerent.
431 3131 599 3196 commissa
616 3131 699 3196 duae
717 3131 784 3195 sine
802 3131 915 3196 fraude
932 3143 1071 3210 tuentur,

141 3214 324 3281 Pandrosos
343 3227 438 3299 atque
455 3217 569 3283 Herse.
604 3216 730 3281 timidas
748 3226 841 3281 vocat
857 3239 922 3281 una
939 3238 1062 3283 sorores

141 3301 302 3385 Aglauros
320 3302 484 3385 nodosque
501 3324 598 3366 mauu
616 3302 747 3366 diducit.
791 3313 823 3366 51
840 3301 925 3366 intus
1182 3325 1232 3375 ⁵60

118 3449 121 3454 i
141 3384 359 3470 infantemque
377 3387 486 3451 vident
503 3388 787 3473 adporrectumque
805 3388 984 3453 draconem.

142 3483 212 3536 acta
229 3472 308 3537 deae
326 3471 443 3536 refero:
460 3493 518 3557 pro
536 3493 599 3555 quo
616 3472 694 3536 mihi
711 3473 815 3557 gratia
832 3473 904 3538 talis

140 3557 293 3632 redditur,
311 3568 347 3621 ut
365 3557 453 3621 dicar
469 3558 569 3622 tutela
585 3558 678 3643 pulsa
695 3557 862 3624 Minervae

140 3653 173 3707 et
188 3664 290 3728 ponar
307 3652 380 3726 post
396 3642 497 3707 noctis
514 3641 621 3708 aveml
657 3665 730 3707 mea
747 3664 850 3728 poena
866 3643 1010 3709 volucres

140 3723 343 3792 admonuisse
361 3737 479 3811 potest,
496 3749 537 3791 ne
554 3749 632 3792 voce
650 3728 791 3813 pericula
808 3743 969 3810 quaerant.
1180 3750 1230 3799 555

139 3830 187 3888 51,
205 3824 293 3897 puto,
311 3834 375 3875 non
392 3812 486 3888 ultro,
503 3834 563 3877 nec
580 3814 750 3896 quicquam
769 3814 831 3878 tale
848 3827 1013 3898 rogantem

138 3919 191 3961 me
209 3897 317 3982 petiit?
334 3897 405 3982 ipsa
420 3898 495 3962 licet
511 3897 573 3963 hoc
590 3922 609 3962 a
625 3897 759 3964 Pallade
777 3921 925 3981 quaerasz

139 3981 286 4065 quamvis
303 3982 384 4047 irata
401 3994 463 4060 est,
480 4003 544 4047 non
562 3982 622 4048 hoc
638 3984 720 4048 irata
736 3984 876 4069 negabit.

139 4089 215 4134 nam
233 4089 283 4134 me
301 4066 461 4134 Phocaica
478 4068 581 4135 clarus
598 4068 711 4136 tellure
729 4066 894 4140 Coroneus
