2800 4500
308 291 673 353 unrruoannosnou
689 293 764 351 nna
782 274 822 352 ΠΣ
840 293 983 352 rso-au.

136 416 254 504 frigore
270 419 363 505 pigra
378 418 465 506 prius
483 442 542 487 nec
558 420 766 486 formidabilis
783 421 850 498 ulli,

135 502 265 572 incaluit
282 506 478 590 sumpsitque
494 528 592 571 novas
610 506 785 572 fervoribus
803 507 876 571 iras.

136 599 168 654 te
186 610 312 673 quoque
329 592 490 655 turbatum
506 603 683 657 memorant
699 591 834 678 fugisse,
851 593 962 666 Boote,

137 675 409 758 quamvistardus
426 700 496 742 eras
513 689 546 742 et
562 688 594 742 te
611 689 667 743 tua
683 679 824 763 plaustra
841 676 1001 742 tenebant

136 770 173 824 ut
189 782 264 824 vero
281 782 405 826 summo
422 762 566 848 despexit
582 763 623 827 ab
641 763 769 828 aethere
785 772 884 827 terras

136 844 246 910 infelix
262 845 430 912 Phaethon
446 848 571 933 penitus
589 851 779 933 penitusque
795 848 943 925 iacentes,

136 930 263 1016 palluit,
280 942 313 997 et
329 931 433 997 subito
450 955 557 1018 genua
572 933 762 999 intremuere
779 932 901 1009 timore,

138 1027 275 1100 suntque
292 1018 391 1082 oculis
408 1018 557 1084 tenebrae
574 1041 631 1103 par
648 1030 771 1083 tantum
788 1019 896 1083 lumen
912 1017 1052 1083 obortae.

137 1112 169 1165 et
185 1101 249 1166 iam
264 1103 373 1168 mallet
384 1126 483 1190 equos
493 1125 668 1186 numquam
685 1104 826 1189 tetigisse
843 1114 1006 1189 paternos:

136 1186 200 1250 iam
218 1209 372 1273 cognosse
388 1210 490 1272 genus
507 1189 596 1274 piget
613 1200 646 1255 et
662 1188 799 1254 valuisse
816 1190 973 1274 rogando:

136 1272 201 1336 iam
217 1273 361 1358 Meropis
379 1273 441 1338 dici
458 1273 587 1359 cupiens
604 1273 650 1339 ita
666 1273 776 1352 fertur,
794 1285 830 1339 ut
847 1285 920 1339 acta

136 1358 302 1443 praecipiti
316 1358 410 1445 pinus
428 1358 538 1437 borea,
555 1358 607 1423 cui
623 1359 708 1425 victa
724 1359 845 1425 remisit

137 1443 229 1509 frena
245 1450 322 1507 suus'
339 1456 451 1520 rector,
470 1466 565 1528 quam
583 1444 632 1510 dis
649 1445 795 1529 votisque
811 1445 948 1528 reliquit.

137 1528 216 1612 quid
231 1528 346 1593 faciat?
363 1529 498 1594 multum
515 1529 594 1594 caeli
610 1540 683 1616 post
699 1542 789 1616 terga
805 1531 960 1609 relictum,

138 1624 211 1680 ante
229 1613 336 1679 oculos
353 1615 425 1700 plus
443 1624 500 1680 est.
544 1615 650 1680 auimo
667 1615 795 1681 metitur
810 1628 990 1699 utrumque,

138 1709 169 1763 et
186 1699 290 1776 modo,
308 1720 388 1783 quos
405 1699 452 1764 illi
468 1699 571 1764 fatum
588 1701 771 1787 contingere
788 1722 852 1765 non
869 1711 927 1778 est,

137 1785 288 1871 prospicit
305 1807 450 1862 occasus,
466 1785 623 1850 interdum
640 1786 768 1872 respicit
784 1796 881 1850 ortus.

69 1916 71 1920 -
138 1869 277 1971 quidque
295 1882 371 1956 agat
386 1870 516 2019 iqnarus
533 1882 641 1971 stupet
657 1883 688 1937 et
705 1870 872 1970 nec-frena
888 1871 1028 1948 remittit,

136 1978 197 2021 nec
213 1967 348 2022 retmere
366 1978 406 2020 va
418 1968 463 2021 et:
480 1977 540 2022 nec
557 1978 686 2022 uomina
702 1968 791 2021 novit
809 1977 972 2039 equorum.

137 2063 248 2127 sparsa
266 2061 391 2124 quoque
407 2041 440 2104 in
459 2042 546 2106 vario
563 2042 682 2127 passim
698 2041 852 2106 miracula
869 2042 956 2106 caelo

137 2138 361 2210 vastarumque
378 2126 465 2191 videt
481 2126 622 2212 trepidus
640 2126 808 2191 simulacra
824 2126 972 2191 ferarum.

138 2225 187 2277 est
202 2211 305 2290 locus,
322 2211 355 2276 in
372 2211 515 2298 geminos
533 2212 589 2278 ubi
607 2211 754 2278 bracchia
771 2223 923 2278 concavat
941 2234 1032 2278 arcus

139 2295 290 2383 Scorpius
308 2309 340 2363 et
357 2298 459 2362 cauda
475 2297 629 2382 flexisque
645 2297 804 2382 utrimque
822 2298 946 2363 lacertis

161 2383 269 2469 orrigit
285 2383 318 2447 in
336 2382 474 2468 spatium
491 2383 653 2469 signorum
669 2384 813 2448 membra
830 2383 975 2447 duorum.

137 2404 222 2533 hunc
238 2490 319 2554 puer
335 2480 371 2533 ut
388 2468 471 2553 nigri
486 2468 649 2533 madidum
666 2470 782 2535 sudore
798 2468 912 2534 veneni

137 2555 268 2622 vulnera
286 2563 417 2618 curvata
432 2553 627 2618 minitantem
647 2553 777 2638 cuspide
795 2554 884 2629 vidit,

136 2639 251 2704 mentis
267 2639 359 2724 inops
376 2638 483 2722 gelida
498 2638 666 2703 formidine
682 2640 751 2704 lora
767 2638 897 2704 remisit.

36 2751 39 2759 .
136 2739 218 2802 quae
235 2730 404 2804 postquam
421 2743 580 2785 summum
597 2724 653 2788 teti
678 2747 730 2789 ere
742 2723 878 2789 iacentia
888 2738 1023 2810 tergum,

138 2809 338 2893 expatiantur
355 2807 442 2890 equi,
459 2807 610 2891 nulloque
626 2746 789 2873 inhibente
806 2831 864 2892 per
880 2830 973 2873 auras

137 2893 264 2978 ignotae
281 2892 419 2978 regionis
436 2903 526 2969 eunt,
544 2913 672 2976 quaque
688 2893 826 2978 impetus
843 2893 918 2977 egit,

137 2977 198 3043 hac
215 2978 282 3042 sine
298 2978 370 3062 lege
386 2988 483 3042 ruunt
500 2978 627 3062 altoque
644 2978 704 3043 sub
721 2978 847 3043 aethere
864 2978 935 3042 fixis

136 3063 299 3129 incursant
316 3062 413 3127 stellis
429 3062 620 3148 rapiuntque
636 3085 693 3148 per
710 3062 782 3127 avia
799 3084 927 3127 currum

138 3160 170 3213 et
187 3147 280 3212 modo
298 3170 422 3212 summa
437 3158 563 3233 petunt,
581 3148 675 3212 modo
691 3170 750 3233 per
766 3148 887 3213 declive
904 3147 1035 3233 viasque

137 3232 324 3333 praecipites
342 3232 444 3318 spatio
460 3244 562 3298 terrae
579 3232 725 3318 propiore
741 3233 899 3298 feruutur:

137 3317 331 3400 mferiusque
348 3318 414 3382 suis
430 3317 585 3384 fraternos
603 3339 728 3383 currere
746 3318 842 3382 Luna

138 3403 310 3467 admiratur
327 3424 440 3485 equos,
458 3404 666 3487 ambustaque
682 3402 792 3468 nubila
809 3402 943 3468 fumant.

137 3488 304 3573 corripitur
319 3487 469 3564 flammis,
486 3499 522 3552 ut
538 3509 685 3572 quaeque
702 3488 866 3564 altissima,
884 3489 988 3566 tellus,

135 3572 273 3656 fissaque
291 3573 358 3658 agit
375 3573 470 3637 rimas
487 3584 518 3638 et
535 3573 619 3637 sucis
637 3584 705 3638 aret
722 3573 886 3658 ademptis.

134 3658 254 3745 pabula
271 3668 457 3734 canescunt,
474 3679 547 3722 cum
564 3658 729 3723 frondibus
746 3658 848 3722 uritur
864 3658 968 3736 arbor,

133 3743 364 3826 materiamque
380 3764 437 3807 suo
455 3743 586 3827 praebet
601 3764 693 3828 seges
711 3742 799 3807 arida
816 3743 943 3808 damno.

133 3850 234 3914 parva
251 3847 380 3910 queror:
397 3850 532 3913 magnae
549 3839 683 3912 pereunt
700 3850 773 3894 cum
789 3828 955 3892 moenibus
972 3828 1077 3905 urbes,

134 3933 272 3995 cumque
289 3913 354 3978 suis
371 3922 453 3977 totas
471 3912 595 3998 populis
612 3912 759 3977 incendia
775 3924 874 3977 terras

134 3995 167 4061 iu
186 3997 323 4062 cinerem
340 4007 476 4063 vertunt.
520 3997 618 4062 silvae
635 4019 708 4062 cum
725 3997 885 4062 montibus
904 3998 1030 4065 ardent:

134 4081 226 4148 ardet
243 4080 347 4150 Athos
364 4081 554 4168 Taurusque
571 4078 657 4147 Cilix
673 4094 706 4148 et
722 4082 855 4148 Tmolus
872 4094 904 4150 et
922 4080 1007 4154 Oete

1111 281 1153 349 23
