2800 4500
244 261 286 328 82
595 273 628 328 Ρ.
647 272 773 331 OVIDII
790 271 953 331 NASONIS

243 397 403 463 Trinacris
421 409 454 463 et
468 395 594 483 maguis
611 396 790 462 subiectum
806 397 943 462 molibus
961 406 1054 482 urget

244 484 400 549 aetherias
418 504 531 548 ausum
548 504 675 568 sperare
693 481 849 568 Typho'e'a
866 483 967 547 sedes.

243 569 354 634 nititur
369 568 422 634 ille
440 568 569 650 quidem
587 578 773 654 pugnatque
790 590 955 652 resurgere
973 590 1083 653 saepe:

176 676 227 725 850
245 655 356 720 dextra
373 653 429 719 sed
447 653 592 717 Ausonio
610 675 723 717 manus
741 663 790 718 est
807 653 949 718 subiecta
965 652 1091 729 Peloro,

243 741 348 816 laeva,
366 738 534 824 Pachyue,
552 737 624 803 tibi:
643 737 801 823 Lilybaeo
819 760 911 803 crura
928 748 1128 822 premuntur:

244 826 397 910 degravat
414 825 521 889 Aetna
538 834 644 909 caput.
687 822 748 887 sub
766 844 830 905 qua
846 824 1014 908 resupinus
1031 822 1165 889 harenas

244 911 358 975 eiectat
374 910 598 992 flammamque
606 908 802 974 feroxvomit
819 930 873 973 ore
890 907 1075 994 Typhoeus.

244 1017 339 1081 saepe
356 995 494 1059 remoliri
510 994 648 1058 luctatur
664 993 805 1078 pondera
823 1005 924 1059 terrae

177 1103 226 1151 355
245 1080 426 1229 oppidaque
443 1093 475 1144 et
492 1099 626 1164 magnos
643 1079 812 1145 devolvere
830 1100 961 1164 corpore
977 1090 1111 1144 montes.

244 1166 278 1231 in
301 1189 318 1231 e
336 1165 442 1229 tremit
458 1165 566 1241 tellus,
584 1174 616 1229 et
632 1187 689 1228 rex
706 1176 801 1249 pavet
818 1164 885 1250 ipse
904 1165 1062 1240 silentum,

125 1293 131 1305 ·
165 1312 166 1315 ,
244 1274 284 1317 00
302 1261 411 1336 pateat
426 1250 555 1332 latoque
572 1248 674 1313 solum
692 1260 854 1335 retegatur
870 1249 969 1327 hiatu,

245 1335 468 1418 immissusque
486 1335 554 1399 dies
571 1334 765 1419 trepidantes
782 1346 898 1400 terreat
915 1335 1053 1399 umbras.

244 1421 327 1485 hanc
343 1432 487 1484 metuens
505 1419 627 1484 cladem
645 1420 813 1484 tenebrosa
829 1419 904 1485 sede
921 1432 1074 1505 tyrannus

177 1529 228 1578 000
246 1506 379 1580 exierat,
398 1525 555 1588 curruque
573 1514 712 1569 atrorum
730 1515 840 1570 vectus
857 1527 1012 1590 equorum

245 1589 387 1655 ambibat
404 1588 532 1656 Siculae
549 1603 660 1655 cautus
678 1590 866 1655 fundamina
882 1605 994 1656 terrae.

244 1686 412 1762 postquam
430 1676 628 1759 exploratum
646 1676 721 1740 satis
740 1686 797 1753 est,
815 1676 885 1740 loca
902 1676 990 1740 nulla
1006 1675 1125 1753 labare,

245 1761 442 1847 depositique
451 1772 565 1834 metus,
588 1759 674 1825 videt
693 1760 778 1825 hunc
796 1760 937 1846 Erycina
954 1771 1123 1847 vagantem
1220 1772 1225 1777 '

244 1858 352 1911 monte
368 1866 426 1909 suo
443 1845 594 1923 residens,
611 1857 786 1930 natumque
803 1847 950 1931 amplexa
966 1848 1127 1911 volucrem

177 1953 226 2002 305
246 1939 370 1995 “‘arma
387 1952 563 2014 manusque
580 1953 685 2007 meae,
702 1954 789 2007 mea,
806 1945 895 2009 nate,
954 1932 1093 2009 tentia,’''
1112 1931 1202 2008 dixit,

245 2017 349 2094 “‘illa,
367 2015 483 2099 quibus
501 2038 631 2101 superas
648 2037 774 2093 omues,
792 2038 871 2104 cape
888 2031 919 2083 te
932 2042 966 2095 a,
984 2015 1122 2103 Cupido,

243 2102 340 2185 inque
358 2102 410 2167 dei
427 2112 538 2186 pectus
556 2103 674 2167 celeres
691 2102 802 2168 molire
820 2102 961 2188 sagittas,

247 2188 299 2255 cui
316 2186 446 2273 triplicis
464 2187 559 2252 cessit
575 2186 704 2253 fortuna
720 2188 892 2253 novissima
908 2188 1008 2276 regni.

244 2285 280 2339 tu
298 2295 429 2359 superos
446 2274 615 2359 ipsumque
631 2273 758 2352 Iovem,
776 2286 811 2339 tu
828 2275 960 2339 numina
976 2273 1065 2359 ponti

177 2378 228 2428 070
245 2359 330 2423 victa
346 2359 457 2423 domas
474 2359 656 2443 ipsumque,
673 2358 757 2445 regit
774 2360 829 2443 qui
845 2360 976 2425 numina
992 2359 1091 2446 ponti.

244 2444 380 2508 Tartara
396 2443 473 2525 quid
491 2444 634 2507 cessanti
651 2466 708 2509 cur
724 2466 788 2509 nou
805 2445 977 2529 matrisque
995 2459 1149 2529 tuumque

244 2528 413 2613 imperium
430 2527 573 2614 profers?
590 2528 696 2614 agitur
712 2552 786 2615 pars
803 2531 896 2595 tertia
912 2531 1033 2595 mundi.

246 2627 278 2679 et
296 2628 402 2678 tamen
419 2613 452 2676 in
470 2613 569 2691 caelo,
588 2635 671 2698 quae
687 2614 752 2678 iam
769 2616 921 2701 patientia
938 2626 1046 2681 nostra
1063 2627 1121 2694 est,

246 2721 261 2762 s
285 2697 434 2774 eruimur,
452 2720 490 2762 ac
507 2721 632 2764 mecum
650 2700 732 2764 vires
750 2700 936 2766 minuuntur
952 2701 1092 2766 Amoris.

178 2803 229 2852 375
277 2783 382 2847 allada
397 2805 502 2848 noune
519 2784 608 2848 vides
626 2785 903 2870 iaculatricemque
920 2786 1061 2851 Dianam

245 2868 434 2934 abscessisse
451 2868 548 2933 mihi?
574 2867 699 2936 Cereris
718 2892 845 2954 quoque
862 2872 926 2936 filia
944 2873 1045 2957 virgo,

245 2955 273 3019 si
290 2954 456 3040 patiemur,
474 2955 542 3019 erit.
586 2977 661 3019 nam
678 2978 751 3040 spes
770 2957 896 3022 affectat
914 2957 1050 3022 easdem.

245 3051 279 3105 at
295 3051 344 3117 tu,
359 3061 419 3188 pro
438 3040 537 3115 socio,
555 3039 582 3104 si
599 3061 664 3123 qua
682 3054 731 3106 est
747 3064 786 3106 ea
801 3042 918 3128 gratia,
935 3062 1045 3129 reguo,

244 3125 341 3211 iunge
382 3147 451 3189 eam
468 3125 622 3209 patruum
666 3126 746 3189 dixit
762 3127 883 3192 Venus.
926 3127 980 3193 ille
997 3127 1175 3214 pharetram

177 3230 229 3280 380
246 3211 340 3275 solvit
356 3221 388 3276 et
405 3210 533 3274 arbitrio
551 3209 661 3275 matris
678 3212 718 3276 de
735 3212 821 3276 mille
839 3213 961 3297 sagittis

244 3319 342 3361 uuam
359 3295 514 3380 seposuit,
532 3296 588 3360 sed
605 3316 669 3379 qua
686 3318 746 3361 nec
763 3297 885 3361 acutior
901 3299 967 3362 ulla

244 3403 304 3447 nec
320 3381 425 3446 miuus
443 3381 563 3445 incerta
580 3392 629 3445 est
652 3403 712 3445 uec
736 3402 819 3464 quae
836 3383 939 3468 magis
957 3384 1065 3449 audiat
1083 3408 1185 3450 arcus.

245 3466 452 3552 oppositoque
470 3488 555 3551 genu
573 3466 718 3531 curvavit
733 3466 838 3531 flexile
855 3488 987 3532 cornum

245 3552 343 3633 inque
361 3572 415 3615 cor
431 3551 559 3615 hamata
576 3551 732 3637 percussit
750 3552 925 3617 harundine
943 3553 1062 3619 Ditem.

178 3651 228 3705 335
288 3635 388 3699 Haud
404 3638 514 3724 procul
532 3637 695 3701 Hennaeis
713 3637 801 3701 lacus
819 3648 866 3702 est
884 3660 903 3702 a
920 3640 1086 3705 moenibus
1104 3641 1197 3717 altae,

244 3720 371 3784 nomine
388 3719 528 3804 Pergus,
546 3742 658 3805 aquae.
701 3744 765 3786 non
783 3721 837 3786 illo
854 3723 945 3824 plura
963 3722 1116 3825 Caystros

245 3803 386 3869 carmina
403 3826 575 3888 cycnorum
590 3806 770 3872 labentibus
788 3808 878 3874 audit
894 3809 927 3873 iu
944 3810 1047 3875 undis.

246 3888 326 3952 silva
343 3899 472 3954 coronat
489 3912 587 3973 aquas
606 3892 736 3976 cingens
753 3892 836 3958 latus
853 3915 956 3972 omne,
974 3896 1104 3980 suisque

246 3971 411 4036 frondibus
428 3984 465 4037 ut
481 3976 552 4039 velo
569 3976 737 4042 Phoebeos
754 3995 932 4045 summovet
954 3980 1046 4045 ictus.

180 4076 229 4127 090
246 4057 366 4145 frigora
382 4057 459 4124 dant
476 4060 570 4141 rami,
588 4063 691 4131 varios
709 4063 825 4133 humus
842 4066 950 4134 umida
966 4065 1074 4137 floreat
