2800 4500
15 2129 18 2134 »
131 2100 272 2174 ereptam
289 2089 457 2164 Aroolim,
474 2108 538 2173 quo

286 257 656 318 METAMORPHOSEON
672 259 747 316 LlB.
765 260 845 317 XIV.
863 261 1010 318 aso-467.
1088 245 1160 313 ‘245

134 382 256 451 lumina
274 383 420 448 viderunt
437 381 563 469 inopem
582 381 748 465 somnique
766 382 892 466 cibique

133 492 191 555 per
207 468 298 554 iuga,
315 490 373 553 per
389 468 502 547 valles,
520 490 584 552 qua
601 468 667 533 sors
685 467 837 544 ducebat,
855 480 993 534 euntem.
1178 488 1228 538 425

134 553 264 620 ultimus
275 554 399 655 aspexit
406 554 547 639 Thybris
556 553 708 637 luctuque
724 552 840 637 viaque

137 639 257 704 fessam
274 649 379 704 etram
389 640 496 724 gelida
512 651 682 723 ponentem
700 659 833 724 corpora
849 638 928 724 ripa.

133 724 198 791 illio
215 746 288 791 cum
305 723 442 790 lacrimis
459 723 529 809 ipso
547 724 710 788 modulata
727 724 836 789 dolore

133 809 231 877 verba
248 832 325 874 sono
342 809 430 875 tenui
447 832 591 875 maerens
608 808 778 886 fundebat,
796 819 833 874 ut
849 809 925 874 olim

134 894 274 961 carmina
290 895 355 959 iam
371 894 508 959 moriens
526 895 610 960 canit
627 894 805 979 exequialia
822 915 951 978 cycnus.

132 980 271 1047 luctibus
289 979 437 1047 extremis
454 991 565 1045 tenues
582 979 754 1064 liquefacta
770 979 925 1045 medullas

132 1066 236 1131 tabuit
251 1065 348 1149 inque
365 1066 452 1130 leves
469 1066 622 1151 paulatim
639 1065 769 1131 evanuit
786 1087 890 1130 auras.

133 1152 220 1217 lama
237 1163 344 1216 tamen
361 1151 486 1236 signata
501 1152 572 1216 loco
590 1161 651 1226 est,
670 1172 765 1235 quem
782 1151 841 1215 rite
859 1147 1037 1218 Canentem

136 1236 263 1302 nomine
281 1236 321 1301 de
338 1235 498 1321 nymphae
515 1246 636 1302 veteres
653 1237 762 1302 dixere
780 1233 972 1302 Camenae.'’

133 1323 208 1387 talia
223 1321 324 1386 multa
340 1321 418 1386 mihi
435 1322 567 1407 longum
584 1333 711 1387 narrata
728 1344 921 1407 perannum

132 1408 263 1492 visaque
281 1417 364 1471 sunt.
407 1407 527 1472 resides
545 1418 576 1473 et
593 1407 803 1475 desuetudine
821 1407 903 1472 tardi

132 1514 242 1558 rursus
258 1491 338 1558 inire
355 1491 487 1570 fretum,
505 1516 615 1558 rursus
632 1494 709 1559 dare
727 1493 799 1558 vela
815 1492 971 1559 iubemur.

132 1577 348 1664 ancipitesque
365 1578 433 1643 vias
451 1589 484 1643 et
499 1577 559 1644 iter
575 1578 705 1644 Titania
722 1589 848 1643 vastum

132 1664 254 1728 dixerat
271 1675 304 1728 et
320 1663 407 1729 saevi
423 1673 540 1729 restare
557 1663 698 1750 pericula
715 1665 814 1749 ponti.

131 1748 293 1836 pertimui,
311 1749 427 1815 fateorr
444 1761 621 1833 nactusque
638 1748 700 1814 hoe
717 1749 792 1814 litus
810 1749 960 1815 adhaesi!

174 1834 317 1900 Finierat
333 1834 513 1900 Macareus.
557 1855 700 1918 urnaque
717 1834 843 1900 Aeneia
859 1835 967 1899 nutrix

132 1919 259 1985 condita
275 1940 452 1984 marmorea
469 1918 592 1983 tumulo
608 1919 707 1985 breve
724 1940 852 1984 carmen
869 1918 1022 1986 habebate

132 2004 200 2070 ‘hic
216 2025 268 2069 me
286 2001 432 2069 Caietam
449 2014 543 2068 notae
583 2002 686 2068 ietatis
704 2003 851 2068 alumnus

556 2025 681 2166 debuit,
697 2087 773 2174 igne
791 2087 962 2154 cremavit?

132 2174 264 2241 solvitur
280 2141 416 2239 herboso
433 2173 490 2239 reli
514 2183 585 2238 atus
602 2173 644 2238 ab
661 2195 781 2261 aggere
797 2173 894 2252 funis,

132 2272 165 2327 et
180 2260 291 2346 procul
308 2258 438 2325 insidias
456 2260 464 2276 '
503 2271 689 2344 amataeque
706 2260 890 2344 relinquunt

98 2411 105 2420 ,
131 2358 216 2411 tecta
233 2345 311 2411 deae
328 2345 480 2429 lucosque
497 2356 623 2431 petunt,
640 2344 698 2411 ubi
714 2345 844 2411 nubilus
861 2344 975 2410 umbra
1076 2367 1078 2372 ⁴

131 2432 165 2497 in
182 2453 269 2496 mare
287 2453 361 2495 cum
379 2430 462 2495 flava
478 2431 656 2517 prorumpit
673 2431 814 2517 Thybris
830 2431 964 2508 hareua3

131 2516 401 2603 Faunigenaeque
419 2516 514 2582 domo
530 2518 649 2603 potitur
666 2528 804 2601 nataque
821 2516 941 2593 Latini,

131 2624 195 2667 non
213 2602 280 2667 sine
297 2602 404 2667 Marte
421 2612 537 2668 tamen.
581 2602 701 2670 bellum
719 2625 793 2669 cum
809 2613 906 2688 gente
923 2601 1022 2669 feroci

132 2688 312 2773 suscipitur,
329 2698 486 2773 pactaque
502 2687 580 2753 furit
596 2709 654 2774 pro
672 2689 808 2773 coniuge
825 2688 964 2753 Turnus.

86 2844 87 2847 ,
131 2773 290 2839 concurrit
306 2772 402 2837 Latio
420 2773 599 2857 Tyrrhenia
615 2783 695 2849 tota,
715 2773 833 2855 diuque

131 2859 232 2923 ardua
248 2856 388 2923 sollicitis
406 2857 537 2922 victoria
553 2857 716 2940 quaeritur
733 2858 839 2922 armis.

131 2956 228 3029 auget
246 2954 378 3026 uterque
396 2965 470 3007 suas
488 2953 618 3008 externo
635 2942 749 3008 robore
766 2943 865 3019 vires3

131 3040 164 3095 et
180 3028 271 3092 multi
287 3028 438 3105 Rutulos,
456 3028 547 3092 multi
563 3026 702 3092 Troiana
719 3038 850 3093 tuentur
1174 3052 1224 3101 455

131 3124 243 3179 castra.
286 3135 390 3197 neque
402 3114 537 3179 'Aeneas
554 3112 698 3177 Euandri
715 3113 758 3178 ad
774 3112 900 3178 moenia
917 3112 1044 3192 frustra,

130 3211 164 3265 at
180 3198 325 3265 Venulus
343 3221 492 3283 magnam
509 3198 638 3284 profuoi
655 3197 823 3265 Diomedis
841 3199 883 3263 ad
900 3200 1012 3265 urbem
1079 3200 1224 3283 (Diamque

130 3295 269 3350 venerat.
312 3284 365 3348 ille
383 3285 512 3367 quidem
530 3284 590 3349 sub
604 3254 731 3369 iapyge
748 3284 888 3350 maxima
905 3285 1023 3350 Dauno
1112 3271 1196 3337 Μ’)

104 3411 109 3430 ,
130 3369 256 3434 moenia
273 3369 456 3434 condiderat
474 3370 653 3453 dotaliaque
671 3392 748 3434 arva
765 3370 902 3436 tenebat.

130 3454 187 3520 sed
204 3454 350 3521 Venulus
368 3453 470 3520 Turni
487 3466 656 3539 postquam
673 3455 823 3521 mandata
839 3455 964 3541 peregit
1172 3478 1224 3528 rao

130 3540 346 3624 auxiliumque
362 3541 456 3625 petit,
474 3540 555 3608 vires
573 3539 721 3607 Aetolius
738 3541 830 3607 heros

129 3637 275 3701 excusat3
292 3647 352 3691 nec
369 3647 404 3691 se
422 3635 477 3689 aut
495 3626 595 3692 soceri
613 3624 808 3692 committere
826 3649 954 3712 pugnae

131 3710 211 3775 velle
228 3710 277 3774 sui
294 3710 446 3796 populos,
464 3723 520 3775 aut
536 3732 616 3795 quos
634 3733 652 3776 e
668 3722 765 3797 gente
783 3733 913 3776 suorum

129 3806 243 3871 armet,
262 3795 378 3861 habere
396 3795 490 3861 viros.
535 3804 629 3862 ‘neve
646 3796 727 3863 haec
744 3808 922 3863 commenta
939 3798 1067 3884 putetis,

129 3878 291 3945 admonitu
308 3903 502 3966 quamquam
520 3893 687 3947 renovetur
704 3883 810 3948 luctus
828 3905 964 3961 amarus,
1169 3904 1219 3953 465

151 3965 287 4050 erpetiar
303 3988 479 4033 memorare
496 3977 612 4032 tamen.
656 3980 826 4053 postquam
843 3969 907 4034 alta
925 3982 1061 4040 cremata
1079 3981 1126 4038 est
1206 4009 1208 4015 v

128 3988 219 4129 ilios,
238 4062 270 4123 et
287 4050 418 4120 Danaas
435 4064 593 4145 paverunt
609 4053 770 4148 Pergama
786 4054 939 4139 flammas,
