2800 4500
307 263 677 326 METAMORPHOSEON
692 267 766 326 LIB.
785 268 821 327 V.
839 267 985 326 523-610.
1121 256 1162 324 87

140 414 213 458 cum
229 401 330 469 matre
348 402 397 457 est
413 391 559 469 totidem,
576 392 708 458 totidem
725 414 798 457 cum
816 393 951 479 coniuge
968 415 1103 459 menses.

140 478 274 543 vertitur
290 477 448 563 extemplo
465 477 564 542 facies
580 488 614 542 et
630 479 745 543 mentis
763 488 794 543 et
810 478 887 543 orisr

140 586 215 627 nam
232 562 327 627 modo
343 583 426 646 quae
444 573 567 647 poterat
583 562 653 627 Diti
670 583 799 648 quoque
816 574 938 628 maesta
954 563 1066 641 videri,

139 649 224 713 laeta
241 648 319 713 deae
337 648 425 712 frons
443 660 505 713 est:
525 658 561 711 ut
577 649 638 725 sol,
656 649 713 731 qui
729 660 832 714 tectus
849 649 977 732 aquosis
1181 673 1231 722 570

140 732 280 798 nubibus
298 743 370 798 ante
387 732 462 809 fuit,
480 732 572 798 victis
589 755 607 798 c
624 732 765 798 nubibus
782 734 857 799 exit.

183 818 296 918 Exigit
311 819 396 883 alma
414 814 528 895 Ceres,
544 830 621 883 nata
637 840 751 884 secura
766 831 904 905 recepta,
1075 837 1232 905 (Arethusa.)

141 925 224 988 quac
241 902 298 968 ubi
316 925 412 968 causa
429 904 541 989 fugae,
559 905 691 980 cursis,
710 903 886 981 Arethusa,
904 926 993 970 sacer
1010 904 1100 970 fons?

142 989 324 1055 conticuere
337 988 453 1053 undae.
496 1009 632 1072 quarum
649 989 711 1055 dea
727 990 853 1054 sustulit
870 990 935 1055 alto

141 1075 229 1140 fonte
247 1086 355 1159 caput,
373 1073 552 1157 viridesque
569 1096 667 1138 manu
684 1074 803 1140 siccata
820 1075 951 1160 capillos
1182 1097 1231 1144 5⁷5

141 1158 279 1224 fluminis
297 1158 368 1224 Elei
386 1169 509 1224 veteres
525 1159 664 1224 narravit
681 1181 815 1226 amores.

141 1252 251 1331 “‘pars
268 1265 329 1344 ego
345 1244 573 1330 nympharum,
590 1265 673 1328 quae
691 1244 815 1311 suntin
832 1244 1018 1323 Achaide,”’
1038 1246 1118 1311 dixit

142 1336 243 1394 “‘una
259 1329 316 1394 fur.
358 1350 418 1395 nec
434 1352 487 1395 me
504 1329 675 1394 studiosius
693 1331 793 1396 altera
809 1330 909 1395 saltus

141 1414 233 1500 legit,
251 1436 311 1480 nec
326 1413 433 1501 posuit
450 1414 621 1480 studiosius
639 1415 739 1480 altera
754 1437 870 1481 casses.

142 1501 200 1564 sed
217 1500 362 1583 quamvis
379 1500 500 1566 formae
516 1521 692 1584 numquam
709 1500 788 1565 mihi
804 1501 891 1566 fama
907 1501 1006 1586 petita
1023 1515 1080 1579 est,

142 1585 288 1668 quamvis
304 1585 394 1650 fortis
412 1608 510 1662 eram,
527 1584 685 1652 formosae
701 1606 817 1652 nomen
835 1585 1003 1652 habebam.

141 1692 202 1736 neo
217 1693 290 1736 mea
305 1692 357 1736 me
373 1670 472 1736 facies
488 1669 623 1736 nimium
638 1671 770 1737 laudata
785 1668 930 1736 iu'vabat:

142 1776 269 1840 quaque
286 1756 367 1822 aliae
383 1756 524 1842 gaudere
541 1756 656 1832 solent,
674 1777 736 1842 ego
752 1756 871 1822 rustica
887 1756 961 1823 dote

142 1840 281 1927 corporis
298 1840 425 1917 erubui,
443 1840 626 1924 crimenque
642 1842 769 1927 placere
786 1842 905 1942 putavi.

140 1926 226 1991 lassa
242 1927 433 2003 revertebar,
450 1925 595 2004 memini,
614 1926 836 2013 Stymphahde
854 1927 947 1994 silvat

141 2023 248 2076 aestus
265 2022 331 2076 erat
336 2058 346 2088 ‚
363 2032 580 2097 magnumque
596 2010 688 2076 labor
704 2012 922 2098 geminaverat
938 2023 1071 2077 aestum.

141 2096 268 2162 invenio
286 2096 354 2162 siue
370 2097 488 2162 vertice
505 2118 620 2180 aquas,
638 2097 706 2162 sine
723 2119 885 2163 murmure
902 2108 1024 2174 euntes,

141 2180 325 2269 perspicuas
342 2182 383 2246 ad
401 2182 550 2261 humum,
567 2204 625 2268 per
642 2202 723 2266 quas
740 2182 944 2248 numerabilis
962 2183 1024 2248 alte

143 2268 283 2332 calculus
300 2268 402 2333 omnis
419 2279 501 2347 erat,
519 2289 599 2352 quas
617 2280 652 2334 tu
670 2268 726 2334 vix
741 2269 788 2335 ire
805 2279 943 2354 putares.

143 2375 224 2418 cana
240 2352 350 2418 salicta
366 2353 485 2418 dabant
500 2354 683 2438 nutritaque
700 2355 837 2441 populus
853 2354 941 2420 unda

144 2449 255 2524 sponte
272 2460 332 2504 sua
348 2450 440 2504 natas
456 2437 533 2525 ripis
550 2438 727 2505 declivibus
744 2440 883 2505 umbras.

142 2523 261 2589 accessi
277 2523 478 2610 primumque
494 2524 585 2610 pedis
603 2525 739 2609 vestigia
756 2524 846 2602 tinxi,

142 2610 262 2696 poplite
279 2608 394 2675 deinde
410 2621 513 2675 tenus.
555 2631 660 2693 neque
677 2631 717 2675 eo
734 2620 895 2687 contenta,
912 2609 1058 2697 recingor

141 2694 312 2779 molliaque
328 2693 459 2780 impono
476 2694 563 2760 salici
580 2695 740 2761 velamina
756 2717 872 2761 curvae

142 2780 292 2864 nudaque
309 2801 438 2865 mergor
453 2779 555 2865 aquis.
598 2801 677 2864 quas
695 2781 773 2846 dum
790 2781 934 2864 ferioque
950 2781 1105 2865 trahoque

143 2863 228 2930 mille
245 2865 348 2929 modis
364 2864 489 2941 labens,
507 2886 704 2949 excussaque
721 2865 869 2931 bracchia
884 2866 978 2943 iacto,

142 2949 250 3015 nescio
267 2949 354 3033 quod
370 2950 475 3015 medio
492 2949 578 3016 sensi
594 2950 655 3015 sub
671 2950 799 3037 gurgite
816 2973 970 3028 mmmm,

143 3033 314 3118 territaque
331 3035 443 3101 insisto
458 3035 614 3122 propioris
629 3036 774 3122 margine
790 3034 817 3100 ri
841 3057 888 3102 ae.

145 3125 256 3203 ““quo
273 3141 439 3206 properas,
456 3120 680 3186 Arethusai'”'
699 3122 765 3186 suis
827 3120 929 3207 pheus
946 3120 988 3186 ab
1005 3120 1110 3198 undis,

144 3212 255 3287 ““quo
272 3205 484 3291 properasi''”
501 3206 617 3272 iterum
632 3227 736 3272 rauco,
746 3205 825 3271 mihi
841 3205 965 3272 dixerat
980 3227 1045 3272 ore.

145 3289 227 3353 sicut
243 3311 345 3366 eram,
362 3289 452 3376 fugio
469 3290 537 3358 rinc
554 3292 707 3357 vestibus·
750 3292 850 3357 altera
865 3301 969 3357 vestes

144 3374 214 3460 ripa
229 3396 317 3440 meas
334 3374 455 3439 habuit.
497 3386 585 3441 tanto
601 3377 705 3462 magis
721 3375 818 3443 instat
834 3388 867 3444 et
883 3376 983 3456 ardet,

145 3470 178 3525 et
194 3459 270 3543 quia
286 3459 374 3525 nuda
390 3459 451 3537 fui,
469 3483 538 3526 sum
555 3459 624 3527 visa
640 3462 780 3546 paratior
795 3460 851 3527 illi.

145 3544 191 3609 sic
208 3566 269 3631 ego
286 3544 466 3620 currebam,
484 3546 531 3611 sic
546 3568 598 3612 me
615 3546 702 3612 ferus
719 3547 771 3613 ille
788 3547 961 3634 premebat,

145 3640 180 3695 ut
197 3628 215 3694 f
257 3652 310 3696 ere
327 3629 509 3730 accipitrem
525 3653 631 3731 penna
646 3632 823 3718 trepidante
840 3632 1017 3710 columbae,

145 3726 182 3779 ut
199 3735 234 3780 so
247 3725 279 3780 et
295 3714 446 3866 accpprtcr
461 3715 600 3801 treprdas
616 3738 732 3817 urgere
749 3718 922 3783 columbas.

145 3800 326 3951 tutat
347 3799 813 3954 ut⁰llt⁰¹¹ttit⁹l¹lt¹¹⁶
832 3798 1095 3954 &illlata

146 3992 273 4036 currere
290 3906 435 4036 sultinui.
478 3907 538 4035 nege
554 3993 606 4037 me
623 3908 838 4037 vdlociorrilllel.

145 4055 204 4125 sed
219 4056 354 4122 tolerare
370 4056 426 4122 diu
443 4077 554 4122 cursus
570 4077 632 4152 ego
652 4056 769 4128 viribus
786 4057 889 4152 impar
