2800 4500
252 269 315 336 180
586 279 621 336 P.
640 277 766 337 OVIDII
782 275 946 335 NASONIS

251 407 373 492 effuge,
391 428 432 471 ne
449 405 549 470 virtus
567 413 622 469 tua
640 403 681 468 sit
698 403 852 467 damnosa
869 397 1025 466 duobus.''
1209 454 1211 456 ,

292 493 354 557 1117
371 490 499 575 quidem
516 489 640 554 monuit
655 488 835 572 iunctisque
851 509 909 573 per
925 491 1000 552 aira
1017 482 1124 570 cycnis
1166 478 1276 535 Αὼῆὶι

251 577 352 663 carpit
368 576 438 642 iter.
482 575 540 641 sed
556 584 620 639 stat
636 574 763 639 monitis
781 571 938 638 contraria
954 570 1067 636 virtus.

184 684 234 733 717
251 663 333 728 forte
351 685 441 727 suem
458 661 587 726 latebris
605 659 741 746 vestigia
758 669 845 723 certa
860 656 961 723 secuti

252 747 396 814 excivere
414 769 523 824 canes,
542 745 693 829 silvisque
710 743 797 809 exire
814 753 980 830 parantem

250 834 363 898 fixerat
380 833 510 917 obliquo
526 831 649 896 iuvenis
668 827 838 915 Cinyreius
855 830 930 893 ictu.

252 917 397 1004 protinus
415 917 554 983 excussit
570 915 676 1001 pando
694 914 853 981 venabula
868 924 970 979 rostro

237 1003 408 1090 ¹sanguine
426 1004 524 1069 tincta
541 1023 609 1078 suo,
626 1000 850 1088 trepidumque
867 1010 900 1066 et
915 1007 984 1064 tuta
999 1007 1160 1084 petentem

184 1108 232 1158 715
251 1101 325 1155 trux
342 1111 419 1175 aper
435 1087 621 1171 insequitur,
639 1096 786 1170 totosque
803 1085 864 1151 sub
880 1084 913 1149 in
960 1083 1140 1159 incolentes

252 1174 374 1241 abdidit
391 1185 424 1239 et
440 1174 530 1241 fulva
547 1171 773 1237 moribundum
790 1170 902 1236 stravit
941 1191 1047 1236 arena.

250 1270 344 1325 vecta
359 1260 423 1325 levi
440 1280 536 1324 curru
552 1257 674 1324 medias
692 1254 854 1343 Cytherea
870 1277 929 1342 per
945 1277 1039 1321 auras

253 1341 384 1430 Cypron
401 1347 528 1413 olorinis
546 1340 688 1412 nondum
705 1355 894 1431 pervenerat
910 1343 983 1408 alis:

160 1484 164 1491 ,
253 1426 384 1513 agnovit
399 1426 452 1491 lon
477 1448 495 1491 e
511 1428 667 1512 gemitum
682 1426 861 1502 morientis,
879 1435 911 1490 et
928 1424 1017 1491 albas

184 1530 234 1581 tao
251 1511 342 1577 flexit
358 1534 434 1577 aves
452 1512 460 1527 '
485 1533 537 1577 uo.
579 1522 679 1596 utque
697 1510 825 1577 aethere
840 1509 921 1577 vidit
937 1510 979 1576 ab
996 1510 1061 1575 alto

253 1597 432 1663 exanimem
449 1596 545 1681 inque
563 1618 621 1661 suo
638 1597 809 1662 iactantem
826 1596 980 1682 sanguine
998 1616 1123 1682 corpus,

253 1682 381 1748 desiluit
397 1682 578 1768 pariterque
596 1681 701 1747 sinum
719 1683 900 1768 pariterque
918 1681 1049 1767 capillos

251 1768 352 1854 rupit,
371 1780 403 1834 et
419 1766 557 1853 indignis
574 1767 731 1854 percussit
748 1778 878 1853 pectora
893 1766 1019 1854 palmis.

253 1866 428 1937 questaque
445 1875 518 1918 cum
535 1853 610 1918 fatis
628 1859 687 1918 “at
703 1874 769 1918 non
785 1864 892 1918 tamen
909 1852 1016 1918 omnia
1033 1851 1130 1917 vestri

185 1957 235 2008 775
252 1938 330 2004 iuris
348 1938 463 2004 erunt''
481 1938 574 2004 dixit:
593 1939 723 2004 “luctus
740 1938 934 2004 monimenta
950 1937 1125 2003 manebunt

253 2046 387 2111 semper,
404 2024 529 2102 Adoni,
547 2024 624 2102 mei3
641 2024 840 2111 repetitaque
856 2023 966 2089 mortis
983 2022 1091 2109 imago

168 2189 173 2198 ι
253 2133 359 2175 annua
375 2110 537 2196 plangoris
554 2121 686 2197 peraget
702 2109 904 2176 simulamina
919 2108 1029 2174 nostri.

252 2207 285 2262 at
303 2217 396 2263 cruor
412 2196 446 2262 in
462 2196 572 2262 florem
588 2196 773 2262 mutabitur.
817 2219 858 2261 an
876 2195 934 2262 tibi
950 2194 1111 2280 quondam

252 2283 406 2348 femineos
424 2293 511 2348 artus
528 2282 562 2347 in
579 2284 699 2349 olentes
718 2293 840 2349 vertere
856 2281 1013 2359 menthae,

186 2387 235 2437 737
252 2368 472 2453 Persephone,
489 2367 592 2433 licuit:
610 2368 702 2433 uobis
722 2365 891 2453 Cinyreius
907 2367 1002 2433 heros

252 2453 390 2519 invidiae
407 2464 548 2518 mutatus
566 2453 667 2519 erit?'’
696 2453 742 2519 sio
759 2453 827 2519 lata
844 2474 988 2518 cruorem

252 2549 381 2605 nectare
398 2539 529 2604 odorato
547 2538 677 2624 sparsit,
694 2538 750 2622 qui
767 2549 870 2603 tactus
888 2539 930 2603 ab
947 2539 1001 2603 illo

252 2623 405 2689 intumuit
421 2624 481 2702 sic,
498 2634 534 2688 ut
551 2623 660 2710 pluvio
677 2624 841 2709 perlucida
858 2625 946 2689 caelo

253 2732 384 2795 surgere
401 2710 489 2774 bulla
506 2710 595 2775 solet.
638 2731 698 2775 nec
738 2710 811 2775 lena
826 2709 952 2795 longior
967 2709 1046 2774 hora

186 2813 235 2862 735
252 2794 338 2860 facta
354 2817 444 2860 mora
460 2805 521 2871 est,
540 2816 613 2860 cum
629 2795 688 2861 flos
707 2732 747 2861 (le
765 2795 921 2881 sanguine
938 2796 1086 2861 concolor
1103 2805 1201 2871 ortus,

253 2881 394 2962 qualem,
412 2902 495 2964 quae
511 2881 598 2945 lento
615 2881 720 2946 celant
736 2880 797 2946 sub
815 2880 930 2947 cortice
947 2902 1094 2967 granum

252 2969 370 3052 punica
393 2966 477 3031 ferre
494 2966 605 3032 solent.
649 2966 755 3032 brevia
773 2976 821 3031 est
837 2977 944 3033 tamen
960 2988 1037 3031 usus
1054 2965 1089 3031 in
1105 2965 1174 3029 illoc

252 3072 390 3135 namque
408 3053 491 3117 male
507 3051 690 3118 haerentem
708 3061 740 3116 et
756 3052 855 3117 nimia
870 3052 998 3117 levitate
1015 3050 1171 3117 caducum

253 3138 417 3202 excutiunt
433 3137 534 3215 idem,
550 3137 607 3223 qui
623 3147 786 3224 praestant
802 3136 942 3214 nomina,
958 3136 1065 3203 venti?

581 3387 699 3463 ammi
715 3406 950 3466 annuemus.

253 3561 403 3631 Carmine
421 3564 498 3629 (lum
516 3564 572 3630 tali
589 3564 685 3630 silvas
703 3564 888 3648 animosque
904 3564 1045 3630 ferarum
1153 3579 1277 3649 0177777

252 3649 418 3716 Threicius
436 3661 524 3715 vates
543 3660 575 3715 et
592 3673 670 3715 saxa
687 3650 852 3733 sequentia
870 3649 967 3729 ducit,

252 3755 327 3801 7777
343 3758 443 3800 nurus
462 3732 635 3813 Ciconum,
652 3745 755 3800 tectae
771 3735 936 3821 lymphata
952 3735 1061 3801 ferinis

276 3830 382 3885 ectcra
400 3821 569 3887 velleribus
574 3820 718 3898 ,tumuli
734 3820 774 3886 de
792 3821 909 3887 vertice
927 3833 1060 3888 cernunt

220 3925 235 3974 t
288 3903 386 3989 rphea
403 3906 561 3991 percussis
579 3906 753 3972 sociantem
770 3907 912 3971 carmina
927 3907 1043 3972 nervis.

195 4049 197 4058 ,
254 4011 272 4053 7
290 3987 406 4071 quibus
423 4012 502 4067 una,
519 3991 606 4057 leves
623 3991 740 4057 iactato
758 3991 844 4056 crine
861 4014 919 4078 per
936 4014 1030 4057 auras

255 4073 330 4150 ί711,’
349 4073 393 4140 ait
411 4080 465 4140 ‘en
482 4075 534 4141 hio
551 4088 600 4142 est
616 4077 716 4144 nostri
733 4077 958 4165 contemptorl’
977 4089 1010 4146 et
1026 4077 1151 4144 hastam
1269 4163 1274 4169 ‚
