2800 4500
238 249 282 318 46
572 267 605 323 P.
624 266 749 325 OVIDII
765 266 929 326 NASONIS

239 388 387 456 saevitiae
404 389 613 475 flammaeque
629 391 750 468 minus,
767 392 872 458 minus
890 392 1010 457 addidit
1026 392 1107 460 irae:

238 475 303 540 tela
319 475 459 540 secunda
476 489 590 542 vocant
608 477 724 562 superi.
768 477 853 563 capit
868 478 924 544 illa
941 479 1132 564 domumque

238 560 335 625 intrat
351 562 564 646 Agenoream.
608 584 722 649 corpus
739 565 872 628 mortale
889 565 1043 629 tumultus

238 667 303 710 non
320 647 393 711 tulit
410 646 565 712 aetherios
583 647 737 732 donisque
754 649 913 734 iugalibus
931 649 1016 714 arsit.

172 749 223 800 310
239 731 443 832 imperfectus
460 732 565 798 adhuc
581 732 686 798 Mans
704 734 873 819 genetricis
891 735 933 799 ab
950 734 1022 799 alvo

239 817 379 902 enpitur,
392 817 563 966 patrioque
579 829 669 884 tener
685 817 728 902 (si
745 820 872 886 credere
890 820 1023 906 dignum
1040 820 1102 908 est)

238 901 376 967 insuitur
406 903 504 968 emori
521 915 727 988 maternaque
745 915 888 991 tempora
905 906 1050 992 complet.

238 988 349 1052 furtim
365 988 455 1052 illum
472 989 582 1075 primis
598 990 659 1054 Ino
676 1001 846 1056 matertera
863 990 953 1056 cunis

239 1074 366 1138 educat:
384 1073 457 1139 inde
476 1074 585 1139 datum
602 1076 762 1161 nymphae
779 1076 935 1161 Nyseides
953 1077 1051 1142 antris

171 1177 220 1227 315
239 1159 406 1224 occuluere
423 1159 489 1224 suis
505 1159 659 1243 lactisque
676 1161 826 1227 alimenta
843 1162 967 1227 dedere.

280 1243 434 1327 Dumque
451 1267 490 1310 ea
507 1267 565 1330 per
581 1257 680 1310 terras
697 1246 787 1311 fatali
803 1247 875 1333 lege
892 1258 1054 1334 geruntur,
1136 1264 1257 1320 Tiresias.

238 1340 371 1413 tutaque
389 1329 437 1394 bis
454 1329 553 1415 geniti
570 1341 644 1395 sunt
659 1331 853 1396 incunabula
868 1333 1003 1399 Bacchi:

238 1415 319 1480 forte
336 1414 447 1480 Iovem
464 1427 655 1492 memorant,
673 1416 824 1482 diffusum
842 1428 983 1495 nectare,
1001 1439 1093 1483 curas

239 1500 416 1586 seposuisse
433 1523 547 1586 graves
564 1522 729 1585 vacuaque
746 1502 884 1588 agitasse
900 1503 1048 1568 remissos

171 1606 222 1655 330
238 1608 312 1651 cum
329 1586 452 1652 Iunone
469 1585 555 1651 iocos
573 1598 605 1652 et
622 1587 738 1653 ‘maior
753 1600 859 1654 vestra
875 1589 1017 1674 profecto
1034 1600 1094 1668 est,

239 1691 336 1754 quam
353 1691 435 1756 quae
453 1671 607 1758 contingit
623 1672 778 1737 maribus'
797 1673 914 1739 dixisse
932 1673 1112 1759 ‘voluptas'
1213 1723 1222 1739 ,

163 1823 166 1829 ,
237 1757 293 1822 illa
310 1768 416 1843 negat.
459 1758 592 1843 placuit,
610 1780 692 1841 quae
710 1757 751 1823 sit
768 1759 923 1824 sententia
940 1760 1025 1824 docti

238 1863 391 1926 quaerere
408 1841 563 1908 Tiresiae:
591 1844 702 1910 Venus
719 1844 794 1909 huic
811 1856 878 1910 erat
894 1857 1027 1929 utraque
1044 1855 1129 1910 nota.

237 1950 313 1993 nam
329 1927 393 1992 duo
411 1950 598 2014 magnorum
616 1929 710 1993 viridi
727 1931 873 2015 coeuntia
890 1931 970 1996 silva

170 2033 220 2083 335
239 2035 371 2099 corpora
388 2027 570 2100 serpentum
587 2014 693 2080 baculi
710 2014 883 2081 violaverat
899 2016 977 2082 ictus

238 2099 341 2183 deque
357 2098 425 2164 viro
443 2100 547 2165 iactus
563 2098 737 2185 (mhabile)
754 2101 873 2167 femina
890 2113 1011 2188 septem

237 2197 346 2286 egerat
363 2197 541 2252 autumnos.
585 2196 697 2253 oetswo
714 2210 824 2252 rursus
841 2188 969 2254 eosdem

237 2271 317 2335 vrdit
333 2282 366 2337 et
383 2278 446 2336 ‘est
462 2284 585 2338 vestrae
603 2273 630 2337 si
647 2284 736 2338 tanta
752 2273 897 2359 potentia
909 2274 1044 2359 plagae‚’

168 2402 171 2409 ·
239 2356 318 2421 dixit
336 2364 385 2421 ‘ut
402 2358 538 2422 auctoris
556 2368 673 2422 sortem
689 2358 723 2422 in
740 2359 898 2423 contraria
913 2370 1024 2431 mutet,

170 2462 220 2512 330
237 2464 322 2507 nunc
340 2463 467 2526 quoque
483 2463 541 2506 vos
558 2442 690 2508 feriam)
734 2444 891 2528 percussis
908 2443 1067 2528 anguibus
1084 2442 1183 2508 isdem

237 2527 341 2591 forma
357 2526 444 2612 prior
460 2527 566 2604 rediit,
583 2528 787 2612 genitivaque
804 2529 891 2593 venit
906 2528 1023 2613 imago.

237 2612 355 2677 arbiter
371 2611 423 2676 hic
439 2612 537 2696 igitur
552 2621 698 2697 sumptus
716 2613 756 2679 de
773 2613 827 2678 lits
844 2613 951 2678 iocosa

238 2697 322 2761 dicta
339 2696 425 2761 lovis
442 2697 556 2761 firmat.
599 2697 728 2781 gravius
747 2696 897 2765 Satunria
913 2698 996 2762 iusto

236 2804 296 2847 nec
313 2803 370 2867 pro
387 2782 519 2847 materia
535 2783 636 2847 fertur
653 2782 804 2859 doluisse,
822 2783 935 2867 suique
990 2784 994 2791 '

169 2888 219 2937 333
236 2867 350 2932 iudicis
367 2879 496 2933 aeterna
511 2868 674 2933 damnavit
689 2869 811 2933 lumina
827 2880 929 2935 noete.

237 2965 271 3017 at
287 2965 378 3038 pater
394 2954 591 3039 omnipotens
608 2953 727 3037 (neque
744 2955 828 3019 enim
846 2954 919 3020 licet
935 2953 1023 3019 irrita
1040 2954 1188 3040 cuiquam

236 3038 323 3103 iacta
339 3037 390 3103 dei
407 3038 520 3104 fecisse
538 3040 613 3122 deo)
630 3061 687 3124 pro
704 3040 823 3105 lumine
841 3041 989 3125 adempto

237 3124 317 3189 scire
334 3123 441 3189 futura
458 3124 545 3189 dedit
562 3147 761 3209 poenamque
778 3125 895 3190 levavit
911 3126 1039 3193 honore.

279 3210 338 3274 Ille
379 3232 413 3275 er
429 3210 552 3274 Aonias
570 3209 657 3273 fama
674 3211 897 3276 celeberrimus
914 3211 1009 3276 urbes
1105 3227 1254 3285 lt’arcr‘saa.

168 3314 219 3363 340
237 3295 360 3380 inrepre
401 3318 460 3360 nsa
478 3295 574 3359 dabat
591 3295 709 3380 populo
726 3318 877 3381 responsa
893 3297 1022 3381 petenti.

235 3381 338 3467 prima
355 3381 417 3445 fide
433 3381 583 3464 vocisque
599 3392 688 3445 ratae
706 3383 911 3467 temptamina
929 3382 1062 3468 sumpsit

237 3467 363 3530 caerula
381 3465 525 3552 Liriope,
543 3487 639 3550 quam
656 3468 817 3550 quondam
833 3467 962 3532 flumine
980 3489 1078 3532 curvo

236 3550 391 3635 implicuit
408 3551 597 3635 clausaeque
614 3551 679 3615 suis
698 3549 857 3637 Cephisus
873 3550 908 3615 in
924 3552 1017 3617 undis

236 3634 302 3698 vim
319 3635 400 3699 tulit.
443 3636 538 3701 enixa
554 3647 603 3700 est
619 3649 710 3701 utero
727 3635 938 3722 pulcherrima
954 3638 1048 3723 pleno

169 3738 219 3787 345
236 3719 403 3794 infantem,
421 3720 569 3806 nymphis
585 3721 649 3786 iam
667 3733 743 3787 tunc
760 3721 816 3804 qui
832 3733 939 3806 posset
956 3723 1065 3799 amari,

237 3805 486 3888 Narcissumque
503 3816 604 3870 vocat.
648 3807 688 3872 de
706 3828 770 3891 quo
788 3807 960 3882 consultus,
978 3832 1018 3871 an
1037 3821 1119 3873 esset

237 3900 381 3973 tempora
396 3900 539 3955 maturae
556 3892 682 3956 visurus
698 3893 796 3976 longa
813 3903 968 3969 senectae,

237 3973 385 4039 fatidicus
402 3985 491 4039 vates
509 3975 550 4040 ‘si
567 3998 601 4042 se
618 3999 682 4041 non
698 3976 835 4041 noverit’
854 3976 964 4060 inquit.

237 4082 320 4131 vana
337 4059 391 4126 diu
409 4059 478 4127 visa
495 4073 541 4127 est
559 4083 622 4128 vox
639 4062 779 4152 auguris.
823 4063 925 4131 exitus
942 4063 1030 4130 illam
