2800 4500
267 244 311 314 'to
597 256 631 315 1³.
652 256 776 317 oman
792 240 954 317 nasonis

267 394 315 448 ter
331 382 452 469 gelidas
469 381 600 460 Arctos,
618 393 667 448 ter
684 381 801 449 Cancri
817 382 964 448 bracchia
980 380 1073 460 vidia

200 490 248 540 666
267 490 362 554 saepe
379 469 440 533 sub
457 490 602 544 occasus,
621 490 721 569 saepe.
734 479 782 533 est
799 468 923 533 ablatus
940 467 972 531 in
990 480 1088 533 ortus.
1157 478 1161 487 '

266 554 392 636 iamque
410 553 542 619 cadente
559 553 625 630 die,
642 564 761 618 ventus
779 575 813 618 se
830 554 957 619 credere
974 553 1069 629 nocti,

266 639 404 724 constitit
422 638 595 724 Hesperio,
613 639 719 724 regnis
737 638 891 716 Atlantis,
908 639 941 704 in
959 638 1035 703 orbe

266 725 478 810 exiguamque
495 724 575 809 petit
591 724 747 808 requiem,
766 724 841 788 dum
860 723 992 788 Lucifer
1008 723 1099 809 ignes

266 821 376 875 evocet
393 810 553 887 Aurorae,
572 831 682 875 currus
700 810 829 873 Aurora
845 810 984 874 diurnos.

198 915 249 965 660
266 894 317 961 hic
333 895 497 959 hominum
515 895 637 960 cunctis
662 894 784 981 ingenti
800 916 932 980 corpore
948 904 1112 979 praestans
1180 909 1286 979 (Atlas.)

265 980 477 1067 Iapetionides
495 980 589 1044 Atlas
606 980 676 1044 fuit
721 979 832 1045 ultima
849 980 942 1044 tellus
1272 988 1273 992 ’

265 1088 342 1152 rege
359 1066 420 1130 sub
437 1065 498 1129 hoc
516 1078 547 1130 et
563 1077 680 1150 pontus
698 1076 780 1142 erat3
798 1064 854 1150 qui
872 1063 956 1130 Solis
974 1063 1095 1130 anhelis

264 1173 403 1234 aequora
420 1150 528 1215 subdit
544 1150 634 1234 equis
651 1160 683 1215 et
700 1149 801 1215 fessos
818 1150 935 1236 excipit
952 1172 1038 1214 axes.

185 1316 187 1320 Α
264 1236 350 1302 mille
366 1258 481 1323 greges
498 1235 545 1299 illi
562 1236 756 1319 totidemque
773 1247 915 1301 armenta
931 1257 989 1321 per
1005 1234 1119 1300 herbas

197 1342 247 1391 666
265 1320 425 1398 errabant,
443 1332 475 1386 et
490 1321 623 1385 humum
641 1319 756 1385 vicinia
773 1321 860 1385 nulla
875 1320 1073 1406 premebant.

264 1408 416 1474 arboreae
433 1406 562 1471 frondes
579 1428 657 1471 auro
674 1406 818 1470 radiante
835 1406 971 1471 nitentes

264 1514 305 1557 ex
322 1514 399 1556 auro
416 1513 535 1566 ramos,
554 1515 595 1557 ex
611 1512 689 1555 auro
706 1513 802 1576 poma
819 1490 979 1576 tegebant.

264 1576 414 1662 ‘hospes’
432 1575 477 1641 ait
493 1575 631 1642 Perseus
648 1575 705 1653 illi,
723 1582 794 1641 ‘sen
811 1575 912 1662 gloria
929 1576 1031 1662 tangit

263 1673 295 1728 te
312 1660 438 1748 generis
454 1661 577 1746 magni:
595 1661 722 1747 generis
738 1661 817 1726 mihi
833 1660 978 1747 Iuppiter
994 1673 1118 1740 auctor3

196 1765 247 1816 640
264 1746 331 1813 sive
348 1769 383 1812 es
399 1746 529 1811 mirator
544 1769 665 1811 rerumz
681 1745 837 1812 mirabere
854 1758 987 1812 nostras.

263 1831 433 1917 hospitium
450 1832 656 1916 requiemque
672 1830 768 1917 peto?
810 1854 932 1897 memor
948 1831 1000 1896 ille
1018 1842 1161 1899 vetustae

264 1917 357 1983 sortis
374 1929 441 1983 erat
457 1916 603 2001 (Themis
620 1917 703 1982 hanc
721 1917 851 1983 dederat
867 1915 1022 1982 Parnasia
1040 1920 1185 2004 sortem):

263 2009 418 2089 ‘tempus,
436 2003 528 2082 Atla,
546 2002 665 2080 veniet,
683 2014 821 2087 tuaque
839 2001 1025 2089 spoliabitur
1040 2025 1118 2067 auro
1195 2050 1197 2053 -

263 2089 367 2166 arbor,
385 2099 417 2154 et
434 2088 519 2153 hunc
535 2089 673 2174 praedae
690 2088 818 2179 titulum
835 2088 912 2153 Iove
929 2098 1023 2153 natus
1040 2087 1190 2154 habebit?

195 2193 245 2242 646
262 2174 295 2239 id
312 2184 456 2240 metuens
474 2174 582 2239 solidis
599 2174 742 2262 pomaria
759 2173 915 2239 clauserat
932 2173 1025 2238 Atlas

262 2260 428 2327 moenibus
445 2272 476 2326 et
494 2272 585 2326 vasto
603 2260 733 2327 dederat
751 2259 907 2325 servanda
924 2258 1063 2337 draconi,

262 2345 453 2430 arcebatque
470 2345 536 2411 suis
553 2356 701 2412 externos
718 2345 836 2410 finibus
853 2366 973 2410 omnes.

261 2430 337 2496 huic
354 2451 481 2515 quoque
499 2431 595 2496 ‘vade
611 2431 739 2517 procul,
757 2452 797 2495 ne
814 2430 909 2516 longe
926 2429 1029 2515 gloria
1045 2453 1161 2509 rerum,

262 2537 359 2599 quam
375 2515 536 2593 mentiris,'
554 2516 724 2600 ait,‘longe
741 2514 799 2579 tibi
815 2514 960 2601 Iuppiter
976 2515 1080 2591 absit‚’

193 2619 245 2671 660
262 2601 390 2685 vimque
407 2599 500 2666 minis
518 2600 607 2665 addit
622 2600 834 2683 manibusque
852 2622 892 2665 ex
915 2600 1009 2665 ellare
1026 2611 1158 2687 temptat

262 2697 461 2751 cunctantem
480 2697 511 2750 et
529 2685 661 2772 placidis
678 2686 863 2751 miscentem
895 2685 975 2751 ortia
993 2684 1095 2750 dictis.

260 2770 381 2837 viribus
398 2770 528 2836 inferior
543 2807 587 2819 —
603 2771 675 2855 quis
692 2769 777 2836 enim
794 2793 853 2857 par
873 2781 957 2835 esset
973 2770 1113 2835 Atlantis

260 2856 400 2921 viribus?
415 2892 460 2903 -
478 2862 523 2921 ‘at
539 2855 692 2940 quoniam
708 2855 799 2943 parvi
815 2855 875 2922 tibi
890 2855 994 2942 gratia
1010 2866 1119 2921 nostra
1136 2867 1194 2935 est,

260 2941 369 3028 accipe
385 2941 529 3007 munusI'
547 2942 606 3007 ait:
624 2941 778 3044 laevaque
795 2964 815 3007 a
830 2953 921 3028 parte
938 2940 1095 3007 Medusae

192 3045 242 3096 666
259 3027 329 3113 ipse
346 3038 430 3092 retro
448 3048 558 3092 versus
576 3028 755 3112 squalenua
770 3026 901 3113 protulit
919 3048 983 3091 ora.

260 3123 399 3196 quantus
415 3124 497 3191 erat,
515 3133 607 3178 mons
625 3112 729 3178 factus
749 3112 849 3196 Atlas.
884 3135 960 3177 nam
976 3111 1078 3185 barba
1093 3134 1265 3198 comaeque

258 3198 292 3262 in
310 3197 406 3262 silvas
423 3197 557 3275 abeunt,
573 3197 651 3298 iuga
668 3208 742 3263 sunt
759 3197 923 3280 umerique
941 3219 1133 3281 manusque;

259 3283 345 3366 qnod
363 3294 459 3384 caput
475 3293 549 3349 ante
566 3283 640 3360 furt,
659 3305 783 3348 summo
801 3282 900 3349 estin
917 3294 1024 3347 monte
1042 3306 1209 3364 cacumen3

259 3390 332 3433 ossa
347 3368 428 3470 lapus
445 3368 536 3433 liunt.
579 3380 649 3434 tum
664 3380 771 3455 partes
789 3379 901 3433 auctus
918 3366 952 3433 in
968 3389 1079 3434 omnes

192 3469 243 3520 660
260 3452 359 3518 crevit
375 3477 408 3518 m
426 3453 617 3519 immensum
632 3454 755 3530 -sic,
773 3452 820 3529 di,
838 3452 992 3518 statuistis
1008 3489 1052 3501 —
1068 3465 1101 3519 et
1118 3475 1211 3519 omne

260 3559 333 3603 cum
350 3548 398 3603 tot
414 3538 572 3604 sideribus
589 3538 713 3604 caelum
731 3537 888 3623 requievit
903 3537 937 3603 in
954 3538 1018 3604 illo.

303 3619 471 3689 Clauserat
487 3624 687 3710 Hippotades
705 3633 833 3689 aeterno
851 3645 977 3689 carcere
994 3639 1115 3702 ventos,
1167 3623 1283 3689 (Andro-

259 3705 500 3793 admonitorqne
518 3730 652 3795 operum
669 3709 758 3774 caelo
775 3707 967 3774 clarissimus
984 3709 1047 3773 alto
1178 3692 1271 3761 'ml

260 3789 393 3855 Lucifer
410 3804 497 3858 ortus
515 3804 592 3859 erat.
658 3794 747 3859 annis
764 3793 843 3881 ligat
860 3794 912 3860 ille
929 3794 1099 3880 resumptis

193 3892 242 3942 666
261 3886 350 3959 parte
368 3875 409 3939 ab
426 3889 559 3961 utraque
576 3901 617 3964 pe
641 3903 674 3945 es
692 3879 818 3963 teloque
836 3879 1011 3965 accingitur
1028 3901 1111 3945 unco

260 3971 293 4023 66
309 3959 331 4022 li
354 3959 464 4025 uidum
481 3964 575 4028 motis
592 3965 745 4031 taladbus
762 3970 837 4032 ae'ra
853 3966 954 4031 findit.

259 3980 409 4132 gentibus
425 4045 598 4116 innumeris
616 4050 799 4141 circumque
816 4051 961 4137 infraque
978 4051 1095 4121 relictis
