2800 4500
222 270 265 340 74
554 282 588 342 P.
607 280 732 344 0v1o11
749 279 912 342 NASONIS

154 431 204 481 800
223 409 323 496 [nuno
340 430 481 495 quoque,
499 421 535 475 ut
552 408 700 475 attonitos
717 408 885 474 formidine
903 417 1018 473 terreat
1035 405 1152 487 hostes,

222 507 348 581 pectore
365 496 398 561 in
415 497 548 562 adverso
566 516 646 580 quos
663 495 741 562 fecit
757 494 891 560 sustinet
908 490 1054 581 angues]

572 766 689 822 LIBER
706 763 885 832 QUINTUS.

222 924 375 1009 Dumque
392 946 431 991 ea
447 921 637 1008 Cephenum
653 923 759 988 medio
776 922 940 988 Danaeius
958 921 1052 988 heros
1102 937 1245 1005 (ptam)

221 1010 349 1096 agmine
366 1019 604 1085 commemorat,
621 1008 757 1073 fremida
772 1009 893 1095 regalia
909 1008 1003 1074 turba

223 1096 302 1160 atria
318 1095 525 1182 complentur.
568 1115 628 1159 nec
644 1093 836 1179 coniugialia
852 1094 935 1159 festa

222 1182 279 1264 qui
295 1190 401 1257 canat,
419 1191 468 1246 est
485 1181 614 1254 clamor,
632 1177 689 1244 sed
706 1179 762 1262 qui
778 1178 847 1244 fera
863 1179 987 1244 nuntiet
1004 1199 1108 1243 armat

173 1268 319 1351 sinque
336 1265 516 1352 repentinos
533 1263 680 1330 convivia
696 1287 789 1329 versa
805 1265 959 1330 tumultus
1115 1338 1117 1341 ¹

222 1351 407 1417 assimulare
421 1353 502 1417 freto
511 1350 628 1435 possis,
646 1350 732 1433 quod
750 1372 845 1415 saeva
861 1349 1005 1433 quietum

223 1448 389 1502 ventorum
406 1435 510 1500 rabies
527 1435 620 1500 motis
638 1445 805 1536 exasperat
821 1435 925 1500 undis.

223 1522 344 1608 primus
359 1521 393 1586 in
410 1519 460 1586 his
476 1520 634 1597 Phineus,
652 1520 728 1585 belh
744 1521 929 1586 temerarius
946 1529 1066 1597 auctor,

223 1607 398 1673 fraxineam
415 1606 560 1690 quatiens
578 1615 702 1671 aeratae
720 1605 859 1692 cuspidis
876 1606 1010 1680 hastam,

177 1713 208 1762 to
224 1692 298 1770 ‘eu,’
316 1692 361 1757 ait
378 1699 433 1758 ‘en
451 1692 563 1756 adsum
578 1702 764 1776 praereptae
781 1691 925 1778 coniugis
942 1690 1036 1756 ultor.

223 1800 283 1843 nec
298 1777 377 1842 mihi
393 1788 425 1842 te
442 1799 580 1862 pennae,
597 1798 658 1842 nec
674 1777 791 1842 falsum
808 1798 918 1842 versus
934 1776 969 1841 in
986 1798 1099 1841 aurum

222 1863 367 1964 Iuppiter
384 1862 514 1947 eripiet’
557 1862 684 1926 conanti
699 1861 824 1928 mittere
843 1860 992 1948 Cepheus

223 1949 317 2033 ‘quid
333 1948 444 2013 faoisl’
464 1947 620 2013 exclamat
637 1954 646 1984 ‘
651 1968 734 2031 quae
751 1958 782 2013 te
787 1995 797 2025 ,
815 1970 976 2034 germane,
993 1948 1152 2013 furentem

223 2057 313 2099 mens
330 2033 396 2120 agit
412 2033 446 2098 in
462 2032 606 2098 facinus?
623 2033 784 2099 meritisne
801 2034 881 2099 haec
897 2033 1000 2120 gratia
1017 2032 1112 2098 tantis

175 2138 207 2187 ro
224 2119 384 2185 redditur?
401 2118 461 2184 hac
478 2118 576 2183 vitam
593 2128 737 2184 servatae
754 2119 828 2184 dote
844 2119 1011 2205 rependis?

225 2228 321 2291 quam
338 2204 396 2271 tibi
412 2225 476 2270 non
492 2204 645 2282 Perseus,
663 2226 776 2271 verum
792 2204 820 2270 si
836 2205 976 2290 quaeris,
994 2203 1121 2281 ademit,

224 2292 281 2357 sed
297 2313 395 2377 grave
412 2291 586 2356 Nere'r'dum
603 2314 738 2368 numen,
755 2292 813 2356 sed
830 2290 975 2378 corniger
991 2292 1164 2366 Hammon,

224 2378 280 2442 sed
297 2398 379 2460 quae
396 2375 570 2441 visceribus
587 2376 735 2441 veniebat
751 2376 847 2441 belua
863 2376 952 2462 ponti

224 2462 435 2528 exsaturanda
452 2460 540 2526 meis.
583 2461 638 2525 illo
655 2461 714 2527 tibi
731 2472 873 2562 tempore
890 2472 980 2547 rapta
998 2471 1056 2538 est,

174 2567 208 2617 20
224 2568 288 2630 quo
306 2547 445 2633 peritura
461 2546 536 2612 fuit:
554 2546 615 2611 nisi
632 2546 674 2623 si,
691 2547 844 2625 crudelrs,
862 2547 896 2611 id
911 2548 1017 2633 ipsum

225 2632 340 2718 exigis,
357 2643 394 2698 ut
410 2644 534 2718 pereat,
551 2632 702 2716 luctuque
719 2632 867 2698 levabere
883 2644 1001 2698 nostro.

224 2719 344 2783 scilieet
359 2718 446 2783 haud
463 2717 538 2782 satis
556 2728 618 2795 est,
635 2718 723 2801 quod
739 2728 771 2783 te
789 2728 950 2803 spectante
967 2715 1107 2783 revincta
1123 2726 1181 2794 est,

224 2815 257 2869 et
273 2803 391 2867 nullam
410 2804 496 2888 quod
513 2825 606 2888 opem
622 2814 756 2889 patruus
773 2825 947 2889 sponsusve
964 2803 1078 2869 tuhsti:

223 2889 362 2975 insuper,
380 2913 400 2953 a
417 2910 576 2973 quoquam
593 2890 680 2974 quod
696 2888 739 2954 sit
755 2901 889 2967 servata,
907 2889 1028 2954 dolebis

174 2995 207 3044 25
224 2974 427 3060 praemiaque
446 2974 577 3060 eripies?
603 2996 685 3059 quae
703 2974 730 3039 si
747 2974 804 3039 tibi
822 2997 940 3061 magna
956 2975 1113 3051 videntur,

225 3083 266 3126 ex
283 3059 344 3124 illis
362 3059 513 3146 scopulis,
530 3058 587 3124 ubi
604 3070 693 3125 erant
710 3059 830 3136 adfixa,
847 3060 989 3146 petisses.

223 3144 409 3222 aenesius,
431 3146 487 3229 qui
502 3145 608 3230 petiit,
630 3167 687 3231 per
705 3167 800 3229 quem
818 3145 897 3211 haec
913 3168 977 3210 non
994 3145 1072 3211 orba
1089 3152 1245 3222 senectus,

224 3231 321 3308 ferre,
339 3231 426 3315 quod
443 3241 475 3295 et
491 3230 610 3296 meritis
627 3241 659 3296 et
676 3251 755 3295 voce
773 3241 821 3296 est
836 3240 962 3316 pactus:
980 3251 1117 3313 eumque

224 3339 287 3382 non
304 3315 376 3392 tibi,
395 3313 451 3382 sed
469 3326 572 3381 certa-e
590 3314 766 3400 praelatum
782 3315 930 3401 intellege
947 3317 1060 3381 morti.’

174 3424 208 3473 ao
224 3403 277 3467 ille
293 3401 372 3465 nihil
389 3413 511 3479 contra3
530 3402 587 3466 sed
604 3414 636 3466 et
651 3401 738 3465 hunc
755 3413 787 3466 et
802 3400 922 3466 Persea
938 3402 1029 3467 vultu

225 3489 345 3552 alterno
362 3498 521 3573 spectans,
539 3497 626 3573 petat
642 3486 743 3563 hunc,
760 3486 899 3572 ignorat,
918 3508 958 3551 an
975 3488 1079 3554 illum:

225 3583 454 3656 cunctatusque
470 3572 560 3637 brevi
577 3583 753 3638 contortam
770 3571 891 3637 viribus
907 3572 1041 3649 hastam,

225 3667 361 3742 quantas
377 3656 425 3722 ira
442 3656 552 3736 dabat,
569 3657 764 3741 nequiquam
780 3658 813 3723 in
830 3656 950 3723 Persea
966 3658 1061 3723 misit.

226 3754 262 3807 ut
279 3741 366 3807 stetit
381 3741 436 3807 illa
452 3753 535 3819 toro,
553 3743 658 3808 stratis
675 3754 744 3807 tum
763 3742 899 3826 denique
915 3742 1054 3808 Perseus

175 3847 208 3896 oo
226 3826 350 3904 exiluit,
367 3827 493 3910 teloque
510 3828 600 3893 ferox
617 3827 745 3892 inimica
761 3828 892 3893 remisso

226 3922 356 4013 pectora
371 3911 521 3997 rupisset,
538 3913 599 3978 nisi
616 3924 689 3999 post
707 3913 817 3979 altaria
832 3912 974 3980 Phineus

225 4006 317 4062 rsset:
336 4006 381 4073 et,
397 3995 462 4060 indi
509 3997 577 4062 uml
596 4000 747 4064 scelerato
763 4000 882 4085 profuit
900 4023 964 4064 ara.

225 4082 330 4149 fronte
347 4091 454 4149 tamen
524 4082 588 4152 oeti
604 4106 671 4151 non
686 4083 775 4152 irrita
792 4086 897 4174 cuspis
915 4084 1068 4156 adhaesit.
1156 4167 1159 4171 λ
1231 4147 1235 4152 ,

1387 848 1394 881 l
