2800 4500
210 296 254 362 60
545 309 579 365 P.
599 309 723 367 OVIDII
739 308 902 368 NASONIS
934 297 952 305 '¹
996 296 1016 303 '¹
1056 296 1057 301 ἵ

209 434 244 498 in
257 433 373 499 mediis
391 434 485 499 ambo
504 434 651 520 deprensi
667 434 866 522 amplexibus
884 434 1025 501 haerent.

144 538 193 589 185
211 519 366 585 Lemnius
383 520 542 605 extemplo
560 520 670 585 valvas
686 520 838 606 patefecit
855 519 991 586 eburnas

211 605 401 689 admisitque
419 605 505 670 deos.
548 604 595 669 illi
611 605 738 671 iacuere
754 606 843 693 ligati

212 691 359 777 turpiter3
377 701 473 775 atque
490 689 604 774 aliquis
622 690 662 756 de
680 690 729 755 dis
747 713 811 756 non
828 690 969 757 tristibus
988 703 1076 779 optat

212 777 258 842 sic
275 776 343 842 fieri
360 776 476 862 turpis:
494 775 600 862 superi
617 776 728 852 risere,
746 777 864 862 diuque

213 862 292 927 haec
308 861 371 926 fuit
386 862 421 926 in
437 872 504 927 toto
521 862 686 926 notissima
702 862 814 928 fabula
830 864 928 929 caelo

146 966 195 1016 190
254 947 367 1034 Exigit
382 947 491 1013 indicii
507 969 679 1014 memorem
697 945 870 1035 Cythereia
886 971 1032 1035 poenam,
1063 968 1232 1036 (Leucothoe.)

211 1034 309 1117 inque
326 1033 412 1101 vices
428 1033 534 1111 illum,
551 1044 650 1099 tectos
669 1033 724 1117 qui
740 1034 832 1099 laesit
849 1057 981 1113 amores,

212 1119 309 1184 laedit
326 1139 432 1184 amore
449 1119 527 1204 pari.
571 1119 648 1204 quid
664 1142 765 1198 nunc,
783 1122 968 1206 Hyperione
985 1134 1068 1199 nate,

212 1204 316 1269 forma
333 1205 480 1287 calorque
496 1204 555 1270 tibi
571 1204 757 1289 radiataque
773 1205 894 1271 lumina
910 1209 1061 1292 prosunt?

147 1314 158 1329 ‘·
214 1312 329 1375 nempe
346 1291 409 1356 tuis
427 1312 536 1355 omnes
554 1290 610 1374 qui
627 1300 726 1355 terras
743 1291 870 1376 ignibus
887 1292 963 1369 uris,

146 1395 195 1445 195
212 1376 314 1441 ureris
330 1375 405 1460 igne
422 1396 519 1452 nov03
538 1375 656 1459 quique
673 1377 780 1441 omnia
798 1399 925 1443 cernere
943 1378 1051 1457 debes,

213 1459 422 1526 Leucothoen
440 1460 457 1525 s
479 1472 564 1527 eetas
581 1473 613 1526 et
630 1461 753 1547 virgine
770 1462 842 1548 figis
859 1463 893 1526 in
909 1487 983 1539 nna,

213 1569 293 1630 quos
310 1547 430 1611 mundo
488 1547 559 1622 bes,
578 1547 696 1611 oculos.
740 1548 835 1613 modo
853 1549 956 1634 surgis
973 1549 1044 1615 Eoo

213 1632 383 1718 temperius
402 1632 504 1708 caelo,
522 1632 617 1696 modo
634 1632 734 1697 serius
751 1633 864 1698 incidis
881 1633 984 1711 undis,

148 1752 150 1757 ⁴
214 1718 441 1803 spectandique
458 1738 547 1781 mora
563 1717 723 1783 brumales
740 1719 875 1804 porrigis
893 1718 1002 1785 horas:

146 1824 196 1873 200
214 1803 322 1867 deficis
338 1802 512 1880 interdum,
530 1802 706 1886 vitiumque
726 1804 760 1868 in
776 1804 898 1869 lumina
914 1806 1028 1871 mentis

214 1889 326 1953 transit
343 1899 375 1953 et
392 1889 545 1953 obscurus
563 1889 708 1953 mortalia
725 1901 854 1974 pectora
870 1902 978 1956 terres.

213 1996 287 2051 nec,
305 1973 364 2038 tibi
380 1974 467 2058 quod
483 1975 577 2040 lunae
595 1974 686 2040 terris
703 1975 857 2061 propioris
875 1977 982 2062 imago

214 2059 384 2136 obstiterit,
401 2061 514 2146 pallesr
533 2059 609 2124 facit
626 2059 711 2124 hunc
728 2082 818 2125 amor
833 2061 892 2126 iste
910 2063 1057 2128 colorem.

215 2145 319 2231 diligis
335 2145 419 2209 hanc
436 2168 542 2209 unam.
585 2167 645 2211 nec
662 2156 694 2211 te
713 2143 932 2231 Clymeneque
949 2147 1154 2232 Rhodosque,

146 2254 197 2305 act
215 2253 274 2296 neo
291 2242 378 2296 tenet
395 2232 524 2297 Aeaeae
540 2230 686 2316 genetrix
701 2231 914 2318 pulchenima
932 2230 1052 2311 Circes,

215 2338 359 2401 quaeque
376 2328 448 2381 tuos
467 2314 572 2401 Clytie
590 2318 736 2400 quamvis
755 2318 810 2383 des
835 2330 905 2383 ecta
921 2320 1050 2405 petebat

215 2402 416 2478 concubitus,
433 2402 567 2488 ipsoque
583 2402 637 2466 illo
654 2425 791 2488 graver
847 2426 886 2468 us
904 2403 1040 2470 habebat

215 2497 369 2572 tempore:
388 2486 574 2552 Leucothoe¹
590 2488 761 2552 multarum
779 2488 897 2553 oblivia
913 2489 999 2568 fecit,

148 2607 149 2612 κ
214 2573 318 2657 gentis
336 2572 510 2637 odoriferae
528 2594 625 2655 quam
641 2573 868 2638 formosissima
884 2587 978 2660 partu

147 2679 197 2730 210
215 2657 313 2723 edidit
329 2656 524 2742 Eurynome.
568 2659 625 2723 sed
641 2669 809 2743 postquam
826 2659 892 2724 filia
908 2661 1016 2737 crevit,
1095 2663 1099 2667 ’

214 2766 309 2827 quam
327 2755 428 2808 mater
445 2752 589 2820 cunctas,
606 2755 672 2808 tam
690 2755 823 2809 matrem
840 2745 906 2810 filia
921 2746 1006 2811 vicit

214 2828 297 2894 rexit
313 2828 546 2893 Achaemenias
563 2829 658 2894 urbes
676 2841 766 2915 pater
784 2828 979 2909 Orchamus,
996 2832 1087 2915 isque

215 2914 368 2999 septimus
386 2937 405 2978 a
422 2915 526 3000 prisco
543 2928 728 2981 numeratur
744 2915 865 3002 origine
882 2917 972 2983 Belo.

147 3021 150 3034 ··
215 3023 275 3065 axe
293 3001 353 3064 sub
370 3000 528 3086 Hesperio
546 3011 619 3065 sunt
635 3023 756 3086 pascua
774 3000 858 3068 Solis
877 3023 1044 3085 equorum:

147 3106 197 3153 215
215 3085 404 3150 ambrosiam
422 3107 480 3171 pro
497 3086 641 3171 gramine
658 3086 790 3151 habent:
809 3100 848 3153 ea
864 3087 949 3153 fessa
966 3088 1086 3153 dinmis

214 3170 357 3235 membra
373 3171 553 3237 ministeriis
570 3172 668 3235 nutrit
684 3183 874 3257 reparatque
891 3172 1002 3236 labori.

216 3257 355 3340 dumque
371 3255 417 3320 ibi
435 3256 657 3341 quadrupedes
675 3257 822 3322 caelestia
838 3256 958 3342 pabula
975 3269 1118 3341 carpunt,

215 3362 342 3424 noxque
359 3343 461 3406 vicem
479 3343 617 3427 peragit,
634 3342 789 3407 thalamos
807 3342 886 3407 deus
903 3342 999 3406 intrat
1016 3356 1137 3409 amatos

150 3449 153 3454 ’
214 3449 324 3491 versus
341 3427 374 3489 in
391 3426 592 3511 Eurynomes
609 3426 724 3491 faciem
741 3427 923 3512 genetricis,
943 3439 973 3492 et
990 3428 1072 3492 inter

149 3529 199 3580 220
216 3511 265 3575 bis
284 3533 340 3575 sex
357 3510 564 3576 Leucothoen
582 3512 719 3576 famulas
737 3513 778 3576 ad
795 3512 916 3576 lumina
934 3514 1032 3577 cernit

215 3595 298 3659 levia
314 3608 440 3659 versato
459 3596 627 3662 ducentem
644 3598 780 3661 stamina
796 3597 879 3661 fuso.

215 3700 292 3765 ergo
309 3678 366 3743 ubi
383 3701 442 3744 ceu
458 3692 560 3746 mater
577 3703 668 3747 carae
686 3682 773 3746 dedit
790 3683 1018 3760 osculandae,

224 3763 314 3828 “res''
333 3764 377 3827 ait
395 3771 536 3830 “areana
553 3781 610 3831 est.
653 3766 806 3843 famulae,
824 3767 985 3846 discedite,
1002 3791 1083 3834 neve

216 3846 327 3931 eripite
345 3848 508 3913 arbitrium
524 3851 619 3915 matri
636 3864 758 3917 secreta
773 3853 955 3935 loquendi.''

148 3948 197 3998 225
214 3944 394 4015 paruerant.
437 3934 640 4019 thalamoque
657 3936 736 4001 deus
754 3936 821 4002 sine
838 3948 918 4003 teste
934 3938 1043 4003 relicto

215 4015 292 4080 “ille
310 4037 371 4101 ego
388 4019 489 4093 sum‚'’
508 4020 586 4085 dixit
605 4022 685 4103 “qui
701 4022 753 4085 lon
779 4046 834 4087 um
850 4023 963 4088 metior
979 4046 1108 4103 annum,
1189 4030 1191 4036 '

215 4100 321 4167 omnia
338 4102 393 4188 qui
410 4101 518 4182 video,
535 4126 593 4194 per
610 4128 707 4195 quem
723 4045 811 4178 videt
828 4109 934 4178 omnia
950 4108 1054 4188 tellus,
