2800 4500
297 257 666 318 rmrnnonrflosron
682 255 756 315 nm.
775 256 825 317 v1.
844 258 989 316 155-155.
1113 240 1155 310 93

132 394 293 450 1511155111
310 383 493 450 Maeoniam
511 384 602 470 virgo
620 382 833 468 Sipylumque
851 382 989 448 colebat:

132 492 192 535 neo
208 480 315 536 tamen
332 469 494 535 admonita
511 482 559 536 est
574 492 679 556 poena
696 468 858 617 popularis
875 468 1042 534 Arachnes
1175 485 1224 538 155

133 556 246 621 cedere
263 555 428 621 caelitibus
445 556 613 639 verbisque
631 555 745 619 minori
768 577 805 618 us
823 553 879 618 uti.

133 642 234 706 multa
250 640 370 705 dabant
387 640 519 706 animos.
563 642 619 706 sed
637 640 722 706 enim
738 662 798 705 nec
815 637 960 724 coniugis
978 650 1072 719 artes,

133 749 193 792 nec
209 749 311 812 genus
329 725 495 791 amborum
511 725 683 812 magnique
700 724 842 811 potentia
858 724 949 810 regni

134 812 180 877 sic
195 813 344 896 placuere
360 811 406 875 illi
423 809 583 895 (quamvis
601 834 640 876 ea
657 821 772 877 cuncta
788 809 974 895 placerent),

134 909 171 962 ut
188 920 246 961 sua
262 897 439 983 progenies.
483 907 515 962 et
532 896 714 962 fehcissima
730 907 868 960 matrum
1177 914 1225 965 155

134 982 219 1048 dicta
235 982 318 1048 foret
333 981 448 1059 Niobe,
466 982 493 1046 si
509 1005 574 1047 non
591 981 652 1046 sibi
669 982 737 1046 visa
754 980 876 1066 fuisset.

134 1091 210 1133 nam
227 1080 295 1132 sata
311 1066 436 1132 Tiresia
453 1068 578 1132 venturi
594 1066 737 1153 praescia
753 1066 868 1132 Manto

134 1175 192 1239 per
207 1153 328 1218 medias
345 1151 465 1230 fuerat,
483 1152 591 1218 divino
608 1152 732 1218 concita
747 1164 848 1229 motu,

134 1238 306 1303 vaticinata
322 1236 404 1303 vias:
423 1238 623 1317 ί1515551155,
640 1238 683 1304 115
701 1237 884 1321 1155551155

135 1337 167 1389 51
184 1324 257 1390 date
274 1322 419 1389 Latonae
436 1323 708 1409 Latonigenisque
726 1322 851 1388 duobus
1178 1345 1227 1396 155

135 1431 209 1474 cum
226 1430 320 1494 prece
336 1419 409 1473 tura
425 1409 478 1495 pia
494 1410 648 1493 lauroque
665 1409 815 1475 innectite
832 1407 965 1474 crineml

135 1516 189 1560 ore
207 1516 278 1559 meo
296 1493 423 1559 Latona
438 1494 546 1560 iubet'
589 1505 728 1580 paretur,
745 1505 778 1559 et
794 1516 904 1559 omnes

135 1579 316 1645 Thebaides
333 1579 428 1644 iussis
444 1602 504 1646 555
520 1591 664 1666 tempora
680 1580 847 1645 frondibus
865 1592 988 1658 omant,
1093 1656 1098 1667 ¹

135 1676 270 1749 turaque
287 1665 364 1729 dant
381 1665 497 1731 55115115
515 1676 547 1731 51
564 1665 662 1731 verba
678 1666 842 1751 precantia
858 1665 1004 1731 flammis.

136 1772 211 1817 5555
228 1750 315 1816 venit
333 1751 485 1815 comitum
500 1752 532 1816 N
533 1750 606 1816 iobe
623 1751 828 1816 celeberrima
845 1753 947 1827 turba,
1177 1773 1226 1823 155

136 1836 278 1902 vestibus
294 1836 415 1902 intexto
431 1836 582 1922 Phrygiis
599 1836 780 1923 spectabilis
798 1857 886 1915 auro,

136 1932 179 2000 et,
197 1931 353 2006 quantum
369 1922 416 1986 115
433 1922 521 2001 sinit,
538 1922 693 1998 formosa,
711 1943 906 2006 movensque
924 1921 1039 1987 decoro

136 2030 210 2072 cum
227 2006 330 2094 capite
347 2006 505 2073 immissos
522 2018 668 2073 umerum
683 2030 742 2092 per
757 2016 927 2091 utrumque
945 2009 1085 2094 capillos.

136 2091 284 2158 5511511111.
327 2105 426 2178 51555
443 2094 552 2167 555155
570 2092 762 2159 circumtulit
779 2093 844 2157 alta
861 2093 1025 2178 superbos,

137 2178 224 2264 ‘quis
240 2178 338 2259 15151,
356 2178 494 2244 auditos'
511 2178 615 2263 inquit
631 2185 641 2216 ‘
646 2200 841 2266 praeponere
858 2178 933 2243 visis
1178 2200 1227 2252 115

136 2265 307 2336 5551551551
332 2276 388 2331 551
405 2287 463 2330 551
479 2264 592 2331 colitur
608 2264 737 2330 Latona
752 2287 811 2351 per
825 2288 908 2341 aras,
1216 2313 1219 2344 .-

137 2371 256 2415 numen
273 2350 378 2416 adhuc
394 2351 463 2417 sine
479 2362 549 2417 ture
565 2374 673 2417 meum
690 2351 758 2417 5511
782 2350 861 2416 mihi
877 2350 1033 2416 Tantalus
1050 2363 1170 2431 auctor,

137 2435 189 2501 5111
205 2435 295 2500 licuit
310 2436 369 2500 soli
386 2458 572 2521 superorum
589 2448 721 2522 tangere
738 2458 878 2513 mensas3

136 2521 306 2586 Pleiadum
322 2543 412 2607 soror
428 2534 477 2587 est
492 2522 637 2608 genetrix
654 2544 726 2588 mea
731 2547 740 2600 3
758 2522 917 2587 maximus
934 2523 1028 2588 Atlas

137 2618 186 2671 est
203 2629 296 2685 5155,
314 2607 491 2672 aetherium
507 2608 562 2692 qui
578 2608 641 2674 fert
659 2607 834 2673 cervicibus
851 2631 943 2673 axem
948 2633 958 2686 3
1181 2630 1226 2681 115

136 2692 282 2778 Iuppiter
298 2693 378 2759 alter
394 2716 487 2759 avus:
506 2714 624 2768 socero
633 2714 761 2777 555555
777 2693 896 2779 glorior
912 2693 976 2759 illo.

136 2800 188 2843 me
205 2788 317 2864 gentes
334 2789 480 2844 metuunt
496 2778 672 2865 Phrygiae,
689 2801 742 2845 me
758 2778 848 2864 regia
866 2775 982 2844 Cadmi

138 2863 198 2928 sub
216 2863 345 2929 domina
361 2875 424 2941 551,
440 2863 621 2948 fidibusque
638 2864 702 2929 mei
719 2864 886 2928 commissa
902 2863 1008 2928 mariti

137 2948 264 3014 moenia
280 2971 353 3014 cum
369 2949 495 3035 populis
513 2973 533 3014 a
549 2970 664 3033 meque
680 2948 813 3034 viroque
830 2960 994 3035 reguntur.

137 3034 171 3098 in
188 3055 422 3118 quamcumque
440 3035 552 3100 domus
570 3035 692 3101 adverti
708 3034 830 3099 lumina
869 3046 980 3113 artem,
1178 3059 1229 3113 155

137 3120 310 3185 immensae
328 3131 511 3205 spectantur
527 3143 614 3207 opes.
657 3120 781 3185 accedit
797 3141 834 3185 eo
858 3142 910 3186 em

138 3203 237 3288 digna
253 3205 314 3269 dea
330 3205 437 3271 facies.
480 3205 543 3271 huc
559 3217 651 3271 natas
668 3206 759 3271 adice
776 3216 898 3292 septem

139 3299 172 3354 et
188 3288 320 3355 totidem
335 3289 479 3369 iuvenes,
497 3303 529 3357 et
545 3314 622 3356 mox
637 3312 835 3377 generosque
852 3313 1024 3376 nurusque.

139 3375 281 3458 quaerite
297 3396 398 3452 nunc,
415 3375 532 3442 habeat
549 3398 645 3461 quam
661 3387 770 3442 nostra
786 3399 824 3441 su
848 3377 935 3442 erhia
952 3401 1092 3457 causam,

138 3460 247 3525 nescio
263 3480 391 3543 quoque
408 3462 522 3528 audete
539 3474 641 3527 satam
656 3462 808 3527 Titanida
825 3399 913 3528 lloeo
1179 3486 1228 3538 155

138 3545 300 3609 Latonam
316 3544 476 3630 praeferre
492 3545 584 3625 mihi,
602 3547 654 3613 oui
670 3546 810 3613 maxima
826 3548 987 3631 quondam

138 3630 289 3717 exiguam
306 3630 415 3696 sedem
431 3632 590 3717 pariturae
606 3644 690 3698 terra
706 3633 848 3718 negavit!

137 3737 199 3782 neo
216 3716 304 3782 caelo
320 3738 381 3782 nec
397 3715 495 3781 humo
511 3740 571 3783 nec
587 3718 678 3801 55515
696 3718 757 3783 dea
773 3729 879 3785 vestra
894 3731 1021 3806 recepta
1038 3733 1101 3799 est3

140 3802 214 3867 exul
232 3812 300 3867 erat
315 3801 442 3878 mundi,
459 3801 560 3868 donec
575 3804 726 3870 miserata
742 3816 913 3890 vagantem

139 3886 292 4036 “hospita
308 3898 344 3952 15
361 3887 453 3953 terris
471 3909 571 3965 erras,
590 3888 674 3975 ego”
693 3888 773 3954 dixit
790 3890 849 3954 “in
865 3890 989 3968 undis,'’
1179 3911 1229 3963 155

137 3972 221 4039 111515
243 3973 381 4056 ilemque
397 3973 504 4038 locum
522 3972 620 4039 Delos
638 3973 734 4040 dedit.
777 3974 831 4039 illa
848 3974 983 4041 duorum

137 4058 225 4129 15515
240 4081 371 4150 parens:
389 4059 471 4127 uteri
487 4080 562 4148 pars
579 4058 659 4127 haec
675 4070 724 4128 est
740 4060 874 4148 septima
890 4061 999 4134 nostri,
