2800 4500
250 215 292 282 66
580 226 613 281 Ρ.
634 225 759 283 OVIDII
775 224 937 282 NASONIS

250 373 313 435 quo
331 349 424 415 simul
440 348 582 425 intravit,
600 371 752 433 sacroque
770 373 789 414 a
806 371 936 434 corpore
954 371 1097 434 pressum
1122 386 1124 390 ·

249 436 403 523 ingemuit
420 435 528 507 limen.
546 435 607 499 tria
625 432 785 500 Cerberus
802 435 915 499 extulit
932 456 988 497 ora

182 542 233 592 450
252 535 283 587 55
299 534 363 586 tres
380 522 512 585 latratus
529 520 623 584 simul
640 520 749 585 edidit.
791 520 845 584 illa
863 541 984 584 sorores

249 608 350 672 Nocte
367 615 460 670 vocat
476 605 613 690 genitas,
630 627 729 690 grave
746 615 779 670 et
794 604 993 691 implacabile
1010 627 1126 669 numen
1144 640 1187 652 -

250 691 384 757 carceris
401 702 473 755 ante
490 691 575 756 fores
593 692 717 756 clausas
735 688 902 755 adamante
921 690 1072 755 sedebant

250 779 353 861 deque
370 776 436 840 suis
453 787 537 841 atros
553 775 724 861 pectebant
741 776 878 840 crinibus
896 797 1017 860 angues
1033 798 1090 839 -2

250 885 345 946 quam
363 862 457 925 simul
474 873 632 946 agnorunt
649 861 732 926 inter
748 861 891 946 caliginis
908 859 1047 937 umbras,

181 967 232 1016 455
250 970 413 1012 surrexere
430 947 519 1011 deae.
563 946 653 1011 sedes
671 943 833 1012 Scelerata
849 956 989 1010 vocatur.

249 1033 370 1098 viscera
386 1031 559 1116 praebebat
575 1031 686 1115 Tityos
703 1031 867 1108 lanianda,
884 1052 1062 1112 novemque

248 1118 411 1203 iugeribus
430 1117 583 1181 distentus
601 1127 682 1181 erat:
699 1116 772 1193 tibi,
790 1117 938 1193 Tantalo,
955 1116 1061 1180 nullae

250 1203 487 1289 deprenduntur
504 1223 620 1285 aquae,
638 1222 784 1285 quaeque
800 1202 957 1278 imminet,
974 1201 1088 1286 effugit
1106 1201 1213 1269 arbor:

145 1326 147 1329 ·
250 1300 304 1353 aut
321 1288 402 1373 petis
421 1299 476 1351 aut
492 1309 588 1370 urges
605 1287 793 1365 rediturum,
813 1285 966 1372 Sisyphe,
983 1309 1111 1351 saxum:

181 1393 233 1442 400
250 1373 386 1438 volvitur
403 1372 495 1436 Ixion
513 1384 545 1436 55
562 1394 595 1436 55
613 1372 818 1455 sequiturque
835 1371 996 1457 fugitque:

249 1457 414 1541 molirique
432 1456 497 1521 suis
514 1458 612 1522 letum
628 1457 824 1542 patruelibus
842 1479 938 1521 ausae

250 1543 395 1607 assiduae
412 1552 572 1628 repetunt,
589 1563 669 1625 quas
686 1542 834 1627 perdant,
852 1542 981 1607 Belides
998 1542 1111 1608 undas.

250 1650 330 1712 quos
347 1650 456 1692 omnes
473 1626 540 1692 acie
557 1638 726 1712 postquam
744 1626 894 1694 Saturnia
912 1638 1002 1692 torva

249 1713 343 1790 vidit,
361 1724 393 1777 et
411 1723 483 1777 ante
500 1734 609 1778 omnes
626 1713 753 1788 Ixiona,
771 1734 879 1777 rursus
896 1712 1009 1778 abillo

182 1817 233 1866 405
252 1797 411 1883 Sisyphon
429 1797 585 1883 aspiciens
602 1804 675 1862 ‘cur
690 1798 743 1862 hio
760 1821 778 1863 e
795 1795 959 1863 fratribus'
976 1798 1080 1882 inquit

251 1890 434 1969 ‘perpetuas
451 1884 569 1968 patitur
585 1905 719 1968 poenas,
736 1882 932 1948 Athamanta
950 1883 1121 1968 superbum

249 1969 338 2054 regia
355 1969 444 2033 dives
461 1968 571 2045 habet,
589 1968 644 2051 qui
660 1991 713 2033 me
730 1991 804 2033 cum
821 1968 956 2054 coniuge
974 1991 1099 2055 semper

250 2054 400 2140 sprevitf'
419 2065 451 2119 et
468 2054 598 2139 exponit
615 2076 728 2118 causas
745 2054 871 2137 odiique
888 2054 1032 2137 viaeque,

224 2208 227 2213 ,
249 2139 388 2223 quidque
406 2139 491 2203 velit.
535 2139 621 2222 quod
638 2140 747 2216 vellet,
764 2150 845 2215 erat,
863 2162 904 2204 ne
920 2139 1009 2225 regia
1027 2137 1143 2205 Cadmi

180 2243 232 2294 tro
250 2236 359 2302 staret,
378 2234 410 2289 et
426 2224 459 2289 in
476 2224 600 2290 facinus
617 2225 777 2290 traherent
794 2224 991 2291 Athamanta
1008 2247 1140 2292 sorores.

248 2310 430 2396 imperium,
447 2310 616 2395 promissa,
634 2331 745 2394 preces
763 2310 927 2375 confundit
943 2310 978 2374 in
994 2333 1094 2376 unum

248 2395 456 2479 sollicitatque
473 2395 559 2459 deas.
604 2396 649 2460 sic
667 2394 746 2460 haec
762 2396 886 2461 Iunone
902 2397 1018 2473 locuta,

248 2480 422 2581 Tisiphone
440 2501 551 2554 canos,
568 2490 604 2544 ut
621 2492 702 2556 erat,
721 2480 847 2545 turbata
864 2481 993 2566 capillos

247 2577 348 2630 mont
364 2575 396 2630 55
413 2564 574 2629 obstantes
591 2564 699 2629 reiecit
717 2565 758 2628 ab
776 2587 829 2630 ore
847 2565 993 2630 colubras

179 2668 230 2719 475
248 2661 343 2733 atque
359 2649 405 2713 ita
422 2656 499 2714 ‘non
516 2649 620 2735 longis
638 2672 718 2735 opus
735 2661 784 2715 555
801 2650 1004 2737 ambagibus'
1021 2651 1139 2736 inquit:

248 2736 348 2799 ‘facta
364 2746 456 2820 puta,
474 2756 693 2819 quaecumque
711 2734 815 2800 iubes:
833 2736 1002 2801 inamabile
1019 2761 1152 2822 regnum

248 2821 359 2886 desere
376 2830 471 2903 teque
488 2821 572 2885 refer
590 2820 669 2885 caeli
685 2820 823 2885 melioris
841 2822 882 2885 ad
899 2822 1012 2887 auras)

246 2905 332 2970 15555
347 2905 429 2971 redit
446 2906 538 2970 Iuno.
582 2926 679 2988 quam
696 2907 819 2970 caelum
836 2906 953 2971 intrare
969 2919 1135 2992 parantem

246 2990 359 3055 roratis
375 2990 520 3055 lustravit
537 2990 628 3074 aquis
645 2991 874 3056 Thaumantias
891 2992 962 3056 Iris.

178 3096 231 3147 480
248 3098 308 3141 nec
325 3098 429 3152 mora,
446 3075 619 3160 Tisiphone
637 3075 849 3141 madefactam
866 3077 1020 3162 sanguine
1038 3078 1133 3143 sumit

245 3162 560 3245 importuna'facem,
577 3161 739 3244 fluidoque
757 3183 867 3226 cruore
884 3163 1050 3228 rubentem

245 3246 388 3311 induitur
404 3246 522 3331 pallam
539 3257 684 3329 tortoque
701 3246 874 3332 incingitur
890 3270 996 3333 angue

246 3331 470 3417 egrediturque
487 3331 591 3395 domo.
634 3331 760 3397 Luctus
777 3332 945 3397 comitatur
961 3344 1089 3399 euntem

247 3428 278 3481 et
294 3416 403 3481 Pavor
419 3428 452 3481 55
467 3416 586 3481 Terror
602 3416 788 3501 trepidoque
805 3417 934 3481 Insania
951 3418 1050 3483 vultu.

177 3522 228 3571 485
245 3502 353 3567 limine
371 3501 561 3566 constiterat.
604 3513 712 3586 postes
728 3502 894 3568 tremuisse
910 3503 1057 3569 feruntur

245 3586 366 3662 Aeolii,
384 3588 547 3672 pallorque
564 3585 648 3652 fores
666 3586 776 3661 infecit
794 3587 954 3661 Avernus,

245 3672 356 3755 solque
373 3671 479 3737 locum
496 3671 590 3757 fugit.
633 3673 780 3737 monstris
798 3677 946 3738 exterrita
962 3673 1110 3752 coniunx,

246 3755 372 3819 territus
389 3767 438 3821 555
454 3756 624 3824 Athamas.
643 3768 792 3841 tectoque
808 3758 896 3824 exire
912 3760 1080 3845 parabant:

211 3881 212 3884 =
245 3839 367 3904 obstitit
382 3840 493 3905 infelix
511 3842 695 3927 aditumque
713 3843 838 3909 obsedit
854 3843 981 3930 Erinys,

177 3946 390 4007 connexaque
406 3926 542 4009 vipereis
560 3927 741 3994 distendens
759 3929 906 3996 bracchia
922 3930 1012 3995 nodis

247 4009 417 4077 caesariem
435 4013 582 4079 excussit.
626 4024 731 4082 motae
748 4037 881 4083 sonuere
899 4016 1062 4084 colubrae:
