<?xml version="1.0" encoding="UTF-8"?>
<!DOCTYPE html PUBLIC "-//W3C//DTD XHTML 1.0 Transitional//EN"
    "http://www.w3.org/TR/xhtml1/DTD/xhtml1-transitional.dtd">
<html xmlns="http://www.w3.org/1999/xhtml" xml:lang="en" lang="en">
 <head>
  <title>
</title>
<meta http-equiv="Content-Type" content="text/html;charset=utf-8" />
  <meta name='ocr-system' content='tesseract 3.04.00' />
  <meta name='ocr-capabilities' content='ocr_page ocr_carea ocr_par ocr_line ocrx_word'/>
</head>
<body>
  <div class='ocr_page' id='page_1' title='image "./povidiinasonisc00unkngoog_0313.png"; bbox 0 0 2800 4500; ppageno 0'>
   <div class='ocr_carea' id='block_1_1' title="bbox 272 260 1139 332">
    <p class='ocr_par' dir='ltr' id='par_1_1' title="bbox 272 260 1139 332">
     <span class='ocr_line' id='line_1_1' title="bbox 272 260 1139 332; baseline -0.002 -3"><span class='ocrx_word' id='word_1_1' title='bbox 272 272 640 332; x_wconf 79' lang='lat' dir='ltr'>METAMORPHOSEON</span> <span class='ocrx_word' id='word_1_2' title='bbox 655 274 730 330; x_wconf 89' lang='lat' dir='ltr'><strong>LIB.</strong></span> <span class='ocrx_word' id='word_1_3' title='bbox 747 274 813 331; x_wconf 86' lang='lat' dir='ltr'>x11.</span> <span class='ocrx_word' id='word_1_4' title='bbox 832 276 976 332; x_wconf 69' lang='lat' dir='ltr'>esu-569.</span> <span class='ocrx_word' id='word_1_5' title='bbox 1075 260 1139 328; x_wconf 78' lang='lat'>211</span> 
     </span>
    </p>
   </div>
   <div class='ocr_carea' id='block_1_2' title="bbox 55 395 1209 3215">
    <p class='ocr_par' dir='ltr' id='par_1_2' title="bbox 115 395 1090 482">
     <span class='ocr_line' id='line_1_2' title="bbox 115 395 1090 482; baseline 0 -19"><span class='ocrx_word' id='word_1_6' title='bbox 115 396 253 464; x_wconf 71' lang='lat' dir='ltr'>maxim</span> <span class='ocrx_word' id='word_1_7' title='bbox 270 397 318 462; x_wconf 88' lang='lat' dir='ltr'>vir</span> <span class='ocrx_word' id='word_1_8' title='bbox 335 398 510 482; x_wconf 91' lang='lat' dir='ltr'>quondam,</span> <span class='ocrx_word' id='word_1_9' title='bbox 528 397 585 464; x_wconf 93' lang='lat' dir='ltr'>sed</span> <span class='ocrx_word' id='word_1_10' title='bbox 602 420 690 463; x_wconf 92' lang='lat' dir='ltr'>nunc</span> <span class='ocrx_word' id='word_1_11' title='bbox 707 398 775 463; x_wconf 83' lang='lat' dir='ltr'>avis</span> <span class='ocrx_word' id='word_1_12' title='bbox 792 398 901 474; x_wconf 84' lang='lat' dir='ltr'>unica,</span> <span class='ocrx_word' id='word_1_13' title='bbox 920 395 1090 465; x_wconf 86' lang='lat' dir='ltr'>Caeneul&#39;&#39;</span> 
     </span>
    </p>

    <p class='ocr_par' dir='ltr' id='par_1_3' title="bbox 115 484 979 560">
     <span class='ocr_line' id='line_1_3' title="bbox 115 484 979 560; baseline -0.003 -10"><span class='ocrx_word' id='word_1_14' title='bbox 115 484 235 550; x_wconf 86' lang='lat' dir='ltr'>credita</span> <span class='ocrx_word' id='word_1_15' title='bbox 251 505 301 548; x_wconf 91' lang='lat' dir='ltr'>res</span> <span class='ocrx_word' id='word_1_16' title='bbox 319 495 447 550; x_wconf 88' lang='lat' dir='ltr'>auctore</span> <span class='ocrx_word' id='word_1_17' title='bbox 465 505 523 548; x_wconf 94' lang='lat' dir='ltr'>suo</span> <span class='ocrx_word' id='word_1_18' title='bbox 541 494 598 549; x_wconf 86' lang='lat' dir='ltr'>est</span> <span class='ocrx_word' id='word_1_19' title='bbox 642 484 733 548; x_wconf 93' lang='lat' dir='ltr'>dolor</span> <span class='ocrx_word' id='word_1_20' title='bbox 749 484 871 549; x_wconf 80' lang='lat' dir='ltr'><strong>addidit</strong></span> <span class='ocrx_word' id='word_1_21' title='bbox 887 484 979 560; x_wconf 86' lang='lat' dir='ltr'>iram,</span> 
     </span>
    </p>

    <p class='ocr_par' dir='ltr' id='par_1_4' title="bbox 115 567 1040 655">
     <span class='ocr_line' id='line_1_4' title="bbox 115 567 1040 655; baseline -0.001 -21"><span class='ocrx_word' id='word_1_22' title='bbox 115 589 364 654; x_wconf 87' lang='lat' dir='ltr'>oppressumque</span> <span class='ocrx_word' id='word_1_23' title='bbox 382 591 477 655; x_wconf 83' lang='lat' dir='ltr'>aegre</span> <span class='ocrx_word' id='word_1_24' title='bbox 494 569 624 634; x_wconf 88' lang='lat' dir='ltr'>tulimus</span> <span class='ocrx_word' id='word_1_25' title='bbox 642 578 689 633; x_wconf 93' lang='lat' dir='ltr'>tot</span> <span class='ocrx_word' id='word_1_26' title='bbox 707 567 748 633; x_wconf 93' lang='lat' dir='ltr'>ab</span> <span class='ocrx_word' id='word_1_27' title='bbox 765 569 909 634; x_wconf 84' lang='lat' dir='ltr'><strong>hostibus</strong></span> <span class='ocrx_word' id='word_1_28' title='bbox 927 592 1040 647; x_wconf 81' lang='lat' dir='ltr'>unum3</span> 
     </span>
    </p>

    <p class='ocr_par' dir='ltr' id='par_1_5' title="bbox 114 653 909 740">
     <span class='ocr_line' id='line_1_5' title="bbox 114 653 909 740; baseline 0 -22"><span class='ocrx_word' id='word_1_29' title='bbox 114 676 175 719; x_wconf 94' lang='lat' dir='ltr'>nec</span> <span class='ocrx_word' id='word_1_30' title='bbox 192 653 279 740; x_wconf 88' lang='lat' dir='ltr'>prius</span> <span class='ocrx_word' id='word_1_31' title='bbox 295 654 474 720; x_wconf 86' lang='lat' dir='ltr'>abstitimus</span> <span class='ocrx_word' id='word_1_32' title='bbox 491 655 575 720; x_wconf 87' lang='lat' dir='ltr'>ferro</span> <span class='ocrx_word' id='word_1_33' title='bbox 593 675 741 720; x_wconf 87' lang='lat' dir='ltr'>exercere</span> <span class='ocrx_word' id='word_1_34' title='bbox 758 653 909 732; x_wconf 90' lang='lat' dir='ltr'>dolorem,</span> 
     </span>
    </p>

    <p class='ocr_par' dir='ltr' id='par_1_6' title="bbox 114 739 1209 911">
     <span class='ocr_line' id='line_1_6' title="bbox 114 739 1209 826; baseline 0.006 -22"><span class='ocrx_word' id='word_1_35' title='bbox 114 761 210 824; x_wconf 87' lang='lat' dir='ltr'>quam</span> <span class='ocrx_word' id='word_1_36' title='bbox 229 739 304 805; x_wconf 87' lang='lat' dir='ltr'>data</span> <span class='ocrx_word' id='word_1_37' title='bbox 319 762 394 826; x_wconf 92' lang='lat' dir='ltr'>pars</span> <span class='ocrx_word' id='word_1_38' title='bbox 411 741 484 816; x_wconf 89' lang='lat' dir='ltr'>leto,</span> <span class='ocrx_word' id='word_1_39' title='bbox 502 750 625 826; x_wconf 88' lang='lat' dir='ltr'>partem</span> <span class='ocrx_word' id='word_1_40' title='bbox 642 739 723 825; x_wconf 82' lang='lat' dir='ltr'>fuga</span> <span class='ocrx_word' id='word_1_41' title='bbox 738 761 866 824; x_wconf 85' lang='lat' dir='ltr'><strong>noxque</strong></span> <span class='ocrx_word' id='word_1_42' title='bbox 882 739 1037 806; x_wconf 66' lang='lat' dir='ltr'>removit?</span> <span class='ocrx_word' id='word_1_43' title='bbox 1157 763 1209 812; x_wconf 79' lang='lat'>530</span> 
     </span>
     <span class='ocr_line' id='line_1_7' title="bbox 158 822 1209 911; baseline 0.004 -22"><span class='ocrx_word' id='word_1_44' title='bbox 158 826 250 891; x_wconf 89' lang='lat' dir='ltr'>Haec</span> <span class='ocrx_word' id='word_1_45' title='bbox 266 826 348 892; x_wconf 92' lang='lat' dir='ltr'>inter</span> <span class='ocrx_word' id='word_1_46' title='bbox 365 825 521 911; x_wconf 88' lang='lat' dir='ltr'>Lapithas</span> <span class='ocrx_word' id='word_1_47' title='bbox 539 837 571 890; x_wconf 93' lang='lat' dir='ltr'>et</span> <span class='ocrx_word' id='word_1_48' title='bbox 588 824 810 891; x_wconf 80' lang='lat' dir='ltr'>semihomines</span> <span class='ocrx_word' id='word_1_49' title='bbox 829 822 1008 890; x_wconf 77' lang='lat' dir='ltr'>Centauros</span> <span class='ocrx_word' id='word_1_50' title='bbox 1095 825 1209 893; x_wconf 66' lang='lat' dir='ltr'>Pericly·</span> 
     </span>
    </p>

    <p class='ocr_par' dir='ltr' id='par_1_7' title="bbox 114 908 1199 996">
     <span class='ocr_line' id='line_1_8' title="bbox 114 908 1199 996; baseline -0.002 -19"><span class='ocrx_word' id='word_1_51' title='bbox 114 910 249 996; x_wconf 85' lang='lat' dir='ltr'>proolia,</span> <span class='ocrx_word' id='word_1_52' title='bbox 266 909 325 976; x_wconf 85' lang='lat' dir='ltr'>Tle</span> <span class='ocrx_word' id='word_1_53' title='bbox 349 911 484 987; x_wconf 91' lang='lat' dir='ltr'>olemus,</span> <span class='ocrx_word' id='word_1_54' title='bbox 502 910 596 996; x_wconf 87' lang='lat' dir='ltr'><strong>Pylio</strong></span> <span class='ocrx_word' id='word_1_55' title='bbox 613 908 784 988; x_wconf 82' lang='lat' dir='ltr'>referente,</span> <span class='ocrx_word' id='word_1_56' title='bbox 803 911 945 976; x_wconf 91' lang='lat' dir='ltr'>dolorem</span> <span class='ocrx_word' id='word_1_57' title='bbox 1102 911 1199 947; x_wconf 75' lang='lat' dir='ltr'>menas.</span> 
     </span>
    </p>

    <p class='ocr_par' dir='ltr' id='par_1_8' title="bbox 113 994 838 1082">
     <span class='ocr_line' id='line_1_9' title="bbox 113 994 838 1082; baseline 0.003 -23"><span class='ocrx_word' id='word_1_58' title='bbox 113 995 275 1082; x_wconf 85' lang='lat' dir='ltr'>praeteriti</span> <span class='ocrx_word' id='word_1_59' title='bbox 336 994 426 1061; x_wconf 88' lang='lat' dir='ltr'>cidae</span> <span class='ocrx_word' id='word_1_60' title='bbox 443 995 539 1061; x_wconf 86' lang='lat' dir='ltr'>tacito</span> <span class='ocrx_word' id='word_1_61' title='bbox 555 1017 620 1060; x_wconf 92' lang='lat' dir='ltr'>non</span> <span class='ocrx_word' id='word_1_62' title='bbox 637 996 767 1082; x_wconf 88' lang='lat' dir='ltr'>pertulit</span> <span class='ocrx_word' id='word_1_63' title='bbox 784 1018 838 1061; x_wconf 91' lang='lat' dir='ltr'>ore</span> 
     </span>
    </p>

    <p class='ocr_par' dir='ltr' id='par_1_9' title="bbox 114 1080 1027 1164">
     <span class='ocr_line' id='line_1_10' title="bbox 114 1080 1027 1164; baseline 0 -18"><span class='ocrx_word' id='word_1_64' title='bbox 114 1093 211 1164; x_wconf 89' lang='lat' dir='ltr'>atque</span> <span class='ocrx_word' id='word_1_65' title='bbox 227 1081 286 1146; x_wconf 84' lang='lat' dir='ltr'>ait:</span> <span class='ocrx_word' id='word_1_66' title='bbox 305 1081 509 1147; x_wconf 82' lang='lat' dir='ltr'>“Herculeae</span> <span class='ocrx_word' id='word_1_67' title='bbox 526 1081 642 1146; x_wconf 88' lang='lat' dir='ltr'>mirum</span> <span class='ocrx_word' id='word_1_68' title='bbox 660 1092 709 1147; x_wconf 87' lang='lat' dir='ltr'>est</span> <span class='ocrx_word' id='word_1_69' title='bbox 725 1081 844 1147; x_wconf 87' lang='lat' dir='ltr'>oblivia</span> <span class='ocrx_word' id='word_1_70' title='bbox 860 1080 964 1146; x_wconf 84' lang='lat' dir='ltr'>laudis</span> <span class='ocrx_word' id='word_1_71' title='bbox 1023 1151 1027 1160; x_wconf 62' lang='grc'><strong><em>,</em></strong></span> 
     </span>
    </p>

    <p class='ocr_par' dir='ltr' id='par_1_10' title="bbox 114 1164 1207 1253">
     <span class='ocr_line' id='line_1_11' title="bbox 114 1164 1207 1253; baseline 0.005 -22"><span class='ocrx_word' id='word_1_72' title='bbox 114 1178 186 1231; x_wconf 86' lang='lat' dir='ltr'>acta</span> <span class='ocrx_word' id='word_1_73' title='bbox 203 1164 275 1244; x_wconf 90' lang='lat' dir='ltr'>tibi,</span> <span class='ocrx_word' id='word_1_74' title='bbox 293 1167 406 1231; x_wconf 58' lang='lat' dir='ltr'>seniora</span> <span class='ocrx_word' id='word_1_75' title='bbox 451 1177 535 1232; x_wconf 88' lang='lat' dir='ltr'>certe</span> <span class='ocrx_word' id='word_1_76' title='bbox 551 1167 629 1231; x_wconf 92' lang='lat' dir='ltr'>mihi</span> <span class='ocrx_word' id='word_1_77' title='bbox 647 1189 743 1253; x_wconf 89' lang='lat' dir='ltr'>saepe</span> <span class='ocrx_word' id='word_1_78' title='bbox 759 1167 878 1233; x_wconf 86' lang='lat' dir='ltr'>referre</span> <span class='ocrx_word' id='word_1_79' title='bbox 1157 1187 1207 1237; x_wconf 80' lang='lat'>535</span> 
     </span>
    </p>

    <p class='ocr_par' dir='ltr' id='par_1_11' title="bbox 114 1251 896 1338">
     <span class='ocr_line' id='line_1_12' title="bbox 114 1251 896 1338; baseline 0.001 -22"><span class='ocrx_word' id='word_1_80' title='bbox 114 1251 303 1338; x_wconf 75' lang='lat' dir='ltr'>Nubigenae</span> <span class='ocrx_word' id='word_1_81' title='bbox 320 1252 456 1316; x_wconf 89' lang='lat' dir='ltr'>domitos</span> <span class='ocrx_word' id='word_1_82' title='bbox 473 1274 493 1317; x_wconf 96' lang='lat' dir='ltr'>a</span> <span class='ocrx_word' id='word_1_83' title='bbox 510 1274 544 1318; x_wconf 90' lang='lat' dir='ltr'>se</span> <span class='ocrx_word' id='word_1_84' title='bbox 561 1254 652 1337; x_wconf 90' lang='lat' dir='ltr'>pater</span> <span class='ocrx_word' id='word_1_85' title='bbox 667 1253 737 1338; x_wconf 92' lang='lat' dir='ltr'>ipse</span> <span class='ocrx_word' id='word_1_86' title='bbox 755 1252 896 1318; x_wconf 90' lang='lat' dir='ltr'>solebat.’</span> 
     </span>
    </p>

    <p class='ocr_par' dir='ltr' id='par_1_12' title="bbox 114 1336 1062 1422">
     <span class='ocr_line' id='line_1_13' title="bbox 114 1336 1062 1422; baseline 0.001 -21"><span class='ocrx_word' id='word_1_87' title='bbox 114 1336 212 1402; x_wconf 89' lang='lat' dir='ltr'>tristis</span> <span class='ocrx_word' id='word_1_88' title='bbox 229 1337 270 1402; x_wconf 88' lang='lat' dir='ltr'>ad</span> <span class='ocrx_word' id='word_1_89' title='bbox 287 1336 367 1402; x_wconf 87' lang='lat' dir='ltr'>haec</span> <span class='ocrx_word' id='word_1_90' title='bbox 383 1336 510 1422; x_wconf 82' lang='lat' dir='ltr'>Pylius:</span> <span class='ocrx_word' id='word_1_91' title='bbox 529 1337 621 1421; x_wconf 92' lang='lat' dir='ltr'>‘quid</span> <span class='ocrx_word' id='word_1_92' title='bbox 638 1360 690 1403; x_wconf 88' lang='lat' dir='ltr'>me</span> <span class='ocrx_word' id='word_1_93' title='bbox 707 1338 889 1404; x_wconf 79' lang='lat' dir='ltr'>meminisse</span> <span class='ocrx_word' id='word_1_94' title='bbox 906 1337 1062 1402; x_wconf 86' lang='lat' dir='ltr'>malorum</span> 
     </span>
    </p>

    <p class='ocr_par' dir='ltr' id='par_1_13' title="bbox 114 1421 850 1508">
     <span class='ocr_line' id='line_1_14' title="bbox 114 1421 850 1508; baseline 0 -20"><span class='ocrx_word' id='word_1_95' title='bbox 114 1422 202 1508; x_wconf 84' lang='lat' dir='ltr'>cogis</span> <span class='ocrx_word' id='word_1_96' title='bbox 220 1433 253 1488; x_wconf 90' lang='lat' dir='ltr'>et</span> <span class='ocrx_word' id='word_1_97' title='bbox 269 1421 424 1488; x_wconf 87' lang='lat' dir='ltr'>obductos</span> <span class='ocrx_word' id='word_1_98' title='bbox 442 1422 533 1487; x_wconf 91' lang='lat' dir='ltr'>annis</span> <span class='ocrx_word' id='word_1_99' title='bbox 549 1422 728 1489; x_wconf 78' lang='lat' dir='ltr'>rescindere</span> <span class='ocrx_word' id='word_1_100' title='bbox 745 1423 850 1488; x_wconf 87' lang='lat' dir='ltr'>luctus</span> 
     </span>
    </p>

    <p class='ocr_par' dir='ltr' id='par_1_14' title="bbox 112 1507 987 1593">
     <span class='ocr_line' id='line_1_15' title="bbox 112 1507 987 1593; baseline 0.001 -20"><span class='ocrx_word' id='word_1_101' title='bbox 112 1507 211 1592; x_wconf 88' lang='lat' dir='ltr'>inque</span> <span class='ocrx_word' id='word_1_102' title='bbox 227 1518 318 1573; x_wconf 89' lang='lat' dir='ltr'>tunm</span> <span class='ocrx_word' id='word_1_103' title='bbox 334 1507 511 1593; x_wconf 85' lang='lat' dir='ltr'>genitorem</span> <span class='ocrx_word' id='word_1_104' title='bbox 528 1508 637 1572; x_wconf 88' lang='lat' dir='ltr'>odium</span> <span class='ocrx_word' id='word_1_105' title='bbox 655 1508 858 1593; x_wconf 85' lang='lat' dir='ltr'>offensasque</span> <span class='ocrx_word' id='word_1_106' title='bbox 875 1508 987 1574; x_wconf 81' lang='lat' dir='ltr'>fateri?</span> 
     </span>
    </p>

    <p class='ocr_par' dir='ltr' id='par_1_15' title="bbox 112 1591 905 1679">
     <span class='ocr_line' id='line_1_16' title="bbox 112 1591 905 1679; baseline 0 -22"><span class='ocrx_word' id='word_1_107' title='bbox 112 1592 167 1658; x_wconf 91' lang='lat' dir='ltr'>ille</span> <span class='ocrx_word' id='word_1_108' title='bbox 183 1592 313 1676; x_wconf 91' lang='lat' dir='ltr'>quidem</span> <span class='ocrx_word' id='word_1_109' title='bbox 330 1591 451 1659; x_wconf 90' lang='lat' dir='ltr'>maiora</span> <span class='ocrx_word' id='word_1_110' title='bbox 468 1592 546 1670; x_wconf 88' lang='lat' dir='ltr'>fide,</span> <span class='ocrx_word' id='word_1_111' title='bbox 564 1592 611 1658; x_wconf 85' lang='lat' dir='ltr'>dil</span> <span class='ocrx_word' id='word_1_112' title='bbox 628 1594 729 1679; x_wconf 81' lang='lat' dir='ltr'>gessit</span> <span class='ocrx_word' id='word_1_113' title='bbox 745 1605 778 1660; x_wconf 89' lang='lat' dir='ltr'>et</span> <span class='ocrx_word' id='word_1_114' title='bbox 795 1594 905 1660; x_wconf 89' lang='lat' dir='ltr'>orbem</span> 
     </span>
    </p>

    <p class='ocr_par' dir='ltr' id='par_1_16' title="bbox 112 1677 915 1765">
     <span class='ocr_line' id='line_1_17' title="bbox 112 1677 915 1765; baseline 0.002 -23"><span class='ocrx_word' id='word_1_115' title='bbox 112 1678 156 1742; x_wconf 91' lang='lat' dir='ltr'>im</span> <span class='ocrx_word' id='word_1_116' title='bbox 179 1677 256 1743; x_wconf 88' lang='lat' dir='ltr'>levit</span> <span class='ocrx_word' id='word_1_117' title='bbox 273 1678 406 1755; x_wconf 87' lang='lat' dir='ltr'>meritis,</span> <span class='ocrx_word' id='word_1_118' title='bbox 424 1677 510 1761; x_wconf 91' lang='lat' dir='ltr'>quod</span> <span class='ocrx_word' id='word_1_119' title='bbox 527 1679 656 1744; x_wconf 80' lang='lat' dir='ltr'>mallem</span> <span class='ocrx_word' id='word_1_120' title='bbox 672 1701 766 1764; x_wconf 89' lang='lat' dir='ltr'>posse</span> <span class='ocrx_word' id='word_1_121' title='bbox 782 1701 915 1765; x_wconf 80' lang='lat' dir='ltr'>negare:</span> 
     </span>
    </p>

    <p class='ocr_par' dir='ltr' id='par_1_17' title="bbox 113 1701 1042 1850">
     <span class='ocr_line' id='line_1_18' title="bbox 113 1701 1042 1850; baseline 0.001 -22"><span class='ocrx_word' id='word_1_122' title='bbox 113 1701 179 1829; x_wconf 76' lang='lat' dir='ltr'>seri</span> <span class='ocrx_word' id='word_1_123' title='bbox 187 1784 291 1848; x_wconf 89' lang='lat' dir='ltr'>neque</span> <span class='ocrx_word' id='word_1_124' title='bbox 307 1763 516 1850; x_wconf 77' lang='lat' dir='ltr'>Deiphobum</span> <span class='ocrx_word' id='word_1_125' title='bbox 533 1786 593 1831; x_wconf 88' lang='lat' dir='ltr'>nec</span> <span class='ocrx_word' id='word_1_126' title='bbox 608 1764 844 1849; x_wconf 87' lang='lat' dir='ltr'>Polydamanta</span> <span class='ocrx_word' id='word_1_127' title='bbox 859 1787 920 1830; x_wconf 89' lang='lat' dir='ltr'>nec</span> <span class='ocrx_word' id='word_1_128' title='bbox 936 1764 1042 1849; x_wconf 90' lang='lat' dir='ltr'>ipsum</span> 
     </span>
    </p>

    <p class='ocr_par' dir='ltr' id='par_1_18' title="bbox 113 1848 1021 1933">
     <span class='ocr_line' id='line_1_19' title="bbox 113 1848 1021 1933; baseline 0.001 -20"><span class='ocrx_word' id='word_1_129' title='bbox 113 1849 255 1915; x_wconf 84' lang='lat' dir='ltr'>Hectora</span> <span class='ocrx_word' id='word_1_130' title='bbox 271 1848 449 1914; x_wconf 86' lang='lat' dir='ltr'>laudamus.</span> <span class='ocrx_word' id='word_1_131' title='bbox 494 1849 566 1933; x_wconf 91' lang='lat' dir='ltr'>quis</span> <span class='ocrx_word' id='word_1_132' title='bbox 583 1849 667 1915; x_wconf 91' lang='lat' dir='ltr'>enim</span> <span class='ocrx_word' id='word_1_133' title='bbox 684 1849 862 1915; x_wconf 87' lang='lat' dir='ltr'>laudaverit</span> <span class='ocrx_word' id='word_1_134' title='bbox 878 1850 1021 1915; x_wconf 84' lang='lat' dir='ltr'>hostem?</span> 
     </span>
    </p>

    <p class='ocr_par' dir='ltr' id='par_1_19' title="bbox 112 1933 901 2020">
     <span class='ocr_line' id='line_1_20' title="bbox 112 1933 901 2020; baseline 0 -22"><span class='ocrx_word' id='word_1_135' title='bbox 112 1934 166 2001; x_wconf 93' lang='lat' dir='ltr'>ille</span> <span class='ocrx_word' id='word_1_136' title='bbox 183 1945 258 1999; x_wconf 86' lang='lat' dir='ltr'>tuus</span> <span class='ocrx_word' id='word_1_137' title='bbox 274 1934 400 2020; x_wconf 87' lang='lat' dir='ltr'>genitor</span> <span class='ocrx_word' id='word_1_138' title='bbox 416 1933 579 2001; x_wconf 88' lang='lat' dir='ltr'>Messenia</span> <span class='ocrx_word' id='word_1_139' title='bbox 595 1934 722 1999; x_wconf 85' lang='lat' dir='ltr'>moenia</span> <span class='ocrx_word' id='word_1_140' title='bbox 740 1934 901 2018; x_wconf 91' lang='lat' dir='ltr'>quondam</span> 
     </span>
    </p>

    <p class='ocr_par' dir='ltr' id='par_1_20' title="bbox 113 2016 943 2103">
     <span class='ocr_line' id='line_1_21' title="bbox 113 2016 943 2103; baseline 0.001 -20"><span class='ocrx_word' id='word_1_141' title='bbox 113 2020 225 2084; x_wconf 85' lang='lat' dir='ltr'>stravit</span> <span class='ocrx_word' id='word_1_142' title='bbox 242 2030 275 2084; x_wconf 88' lang='lat' dir='ltr'>et</span> <span class='ocrx_word' id='word_1_143' title='bbox 291 2016 464 2084; x_wconf 67' lang='lat' dir='ltr'>immerims</span> <span class='ocrx_word' id='word_1_144' title='bbox 480 2018 576 2084; x_wconf 84' lang='lat' dir='ltr'>urbes</span> <span class='ocrx_word' id='word_1_145' title='bbox 594 2017 745 2102; x_wconf 66' lang='lat' dir='ltr'>Elimue</span> <span class='ocrx_word' id='word_1_146' title='bbox 761 2018 943 2103; x_wconf 86' lang='lat' dir='ltr'>Pylumque</span> 
     </span>
    </p>

    <p class='ocr_par' dir='ltr' id='par_1_21' title="bbox 113 2102 964 2187">
     <span class='ocr_line' id='line_1_22' title="bbox 113 2102 964 2187; baseline 0 -19"><span class='ocrx_word' id='word_1_147' title='bbox 113 2104 211 2169; x_wconf 89' lang='lat' dir='ltr'>diruit</span> <span class='ocrx_word' id='word_1_148' title='bbox 226 2102 324 2186; x_wconf 89' lang='lat' dir='ltr'>inque</span> <span class='ocrx_word' id='word_1_149' title='bbox 340 2124 429 2169; x_wconf 92' lang='lat' dir='ltr'>meos</span> <span class='ocrx_word' id='word_1_150' title='bbox 446 2103 566 2169; x_wconf 84' lang='lat' dir='ltr'>ferrum</span> <span class='ocrx_word' id='word_1_151' title='bbox 583 2104 808 2187; x_wconf 87' lang='lat' dir='ltr'>flammamque</span> <span class='ocrx_word' id='word_1_152' title='bbox 824 2103 964 2168; x_wconf 89' lang='lat' dir='ltr'>Penates</span> 
     </span>
    </p>

    <p class='ocr_par' dir='ltr' id='par_1_22' title="bbox 112 2188 968 2276">
     <span class='ocr_line' id='line_1_23' title="bbox 112 2188 968 2276; baseline 0.001 -22"><span class='ocrx_word' id='word_1_153' title='bbox 112 2188 248 2275; x_wconf 89' lang='lat' dir='ltr'>impulit.</span> <span class='ocrx_word' id='word_1_154' title='bbox 292 2199 327 2254; x_wconf 91' lang='lat' dir='ltr'>ut</span> <span class='ocrx_word' id='word_1_155' title='bbox 349 2210 391 2254; x_wconf 86' lang='lat' dir='ltr'>ue</span> <span class='ocrx_word' id='word_1_156' title='bbox 408 2188 486 2255; x_wconf 91' lang='lat' dir='ltr'>alios</span> <span class='ocrx_word' id='word_1_157' title='bbox 503 2200 637 2269; x_wconf 89' lang='lat' dir='ltr'>taceam,</span> <span class='ocrx_word' id='word_1_158' title='bbox 654 2210 735 2274; x_wconf 88' lang='lat' dir='ltr'>quos</span> <span class='ocrx_word' id='word_1_159' title='bbox 751 2189 805 2256; x_wconf 90' lang='lat' dir='ltr'>ille</span> <span class='ocrx_word' id='word_1_160' title='bbox 821 2189 968 2276; x_wconf 84' lang='lat' dir='ltr'>peremit:</span> 
     </span>
    </p>

    <p class='ocr_par' dir='ltr' id='par_1_23' title="bbox 113 2272 908 2361">
     <span class='ocr_line' id='line_1_24' title="bbox 113 2272 908 2361; baseline 0.003 -23"><span class='ocrx_word' id='word_1_161' title='bbox 113 2273 164 2340; x_wconf 91' lang='lat' dir='ltr'>bis</span> <span class='ocrx_word' id='word_1_162' title='bbox 182 2297 238 2341; x_wconf 86' lang='lat' dir='ltr'>sex</span> <span class='ocrx_word' id='word_1_163' title='bbox 254 2272 288 2339; x_wconf 89' lang='lat' dir='ltr'>N</span> <span class='ocrx_word' id='word_1_164' title='bbox 288 2273 329 2339; x_wconf 94' lang='lat' dir='ltr'>eli</span> <span class='ocrx_word' id='word_1_165' title='bbox 372 2274 540 2353; x_wconf 78' lang='lat' dir='ltr'>eluimus,</span> <span class='ocrx_word' id='word_1_166' title='bbox 559 2286 730 2361; x_wconf 87' lang='lat' dir='ltr'>conspecta</span> <span class='ocrx_word' id='word_1_167' title='bbox 745 2274 908 2342; x_wconf 86' lang='lat' dir='ltr'>iuventus:</span> 
     </span>
    </p>

    <p class='ocr_par' dir='ltr' id='par_1_24' title="bbox 113 2359 922 2440">
     <span class='ocr_line' id='line_1_25' title="bbox 113 2359 922 2440; baseline 0.001 -15"><span class='ocrx_word' id='word_1_168' title='bbox 113 2359 163 2425; x_wconf 88' lang='lat' dir='ltr'>bis</span> <span class='ocrx_word' id='word_1_169' title='bbox 181 2382 238 2425; x_wconf 85' lang='lat' dir='ltr'>sex</span> <span class='ocrx_word' id='word_1_170' title='bbox 255 2360 425 2425; x_wconf 81' lang='lat' dir='ltr'>Herculeis</span> <span class='ocrx_word' id='word_1_171' title='bbox 442 2360 638 2440; x_wconf 89' lang='lat' dir='ltr'>ceciderunt,</span> <span class='ocrx_word' id='word_1_172' title='bbox 655 2384 708 2428; x_wconf 87' lang='lat' dir='ltr'>me</span> <span class='ocrx_word' id='word_1_173' title='bbox 725 2361 829 2426; x_wconf 89' lang='lat' dir='ltr'>minus</span> <span class='ocrx_word' id='word_1_174' title='bbox 847 2382 922 2439; x_wconf 88' lang='lat' dir='ltr'>uno,</span> 
     </span>
    </p>

    <p class='ocr_par' dir='ltr' id='par_1_25' title="bbox 112 2443 1002 2532">
     <span class='ocr_line' id='line_1_26' title="bbox 112 2443 1002 2532; baseline 0.001 -22"><span class='ocrx_word' id='word_1_175' title='bbox 112 2443 244 2510; x_wconf 88' lang='lat' dir='ltr'>viribus.</span> <span class='ocrx_word' id='word_1_176' title='bbox 288 2454 383 2528; x_wconf 86' lang='lat' dir='ltr'>atque</span> <span class='ocrx_word' id='word_1_177' title='bbox 400 2446 478 2511; x_wconf 90' lang='lat' dir='ltr'>alios</span> <span class='ocrx_word' id='word_1_178' title='bbox 496 2446 580 2511; x_wconf 89' lang='lat' dir='ltr'>vinci</span> <span class='ocrx_word' id='word_1_179' title='bbox 597 2445 739 2532; x_wconf 91' lang='lat' dir='ltr'>potuisse</span> <span class='ocrx_word' id='word_1_180' title='bbox 755 2447 922 2512; x_wconf 83' lang='lat' dir='ltr'>ferendum</span> <span class='ocrx_word' id='word_1_181' title='bbox 940 2458 1002 2513; x_wconf 73' lang='lat' dir='ltr'>ests</span> 
     </span>
    </p>

    <p class='ocr_par' dir='ltr' id='par_1_26' title="bbox 113 2530 943 2619">
     <span class='ocr_line' id='line_1_27' title="bbox 113 2530 943 2619; baseline 0 -23"><span class='ocrx_word' id='word_1_182' title='bbox 113 2531 194 2597; x_wconf 91' lang='lat' dir='ltr'>mira</span> <span class='ocrx_word' id='word_1_183' title='bbox 209 2530 424 2615; x_wconf 88' lang='lat' dir='ltr'>Periclymeni</span> <span class='ocrx_word' id='word_1_184' title='bbox 440 2553 525 2596; x_wconf 91' lang='lat' dir='ltr'>mors</span> <span class='ocrx_word' id='word_1_185' title='bbox 542 2543 600 2597; x_wconf 85' lang='lat' dir='ltr'>est</span> <span class='ocrx_word' id='word_1_186' title='bbox 644 2531 695 2597; x_wconf 90' lang='lat' dir='ltr'>cui</span> <span class='ocrx_word' id='word_1_187' title='bbox 713 2554 807 2619; x_wconf 86' lang='lat' dir='ltr'>posse</span> <span class='ocrx_word' id='word_1_188' title='bbox 823 2532 943 2618; x_wconf 86' lang='lat' dir='ltr'>figuras</span> 
     </span>
    </p>

    <p class='ocr_par' dir='ltr' id='par_1_27' title="bbox 67 2617 973 2704">
     <span class='ocr_line' id='line_1_28' title="bbox 67 2617 973 2704; baseline 0.002 -23"><span class='ocrx_word' id='word_1_189' title='bbox 67 2678 68 2681; x_wconf 74' lang='grc'>,</span> <span class='ocrx_word' id='word_1_190' title='bbox 114 2639 240 2682; x_wconf 90' lang='lat' dir='ltr'>sumere</span> <span class='ocrx_word' id='word_1_191' title='bbox 257 2637 337 2700; x_wconf 85' lang='lat' dir='ltr'>quas</span> <span class='ocrx_word' id='word_1_192' title='bbox 355 2617 451 2684; x_wconf 88' lang='lat' dir='ltr'>vellet</span> <span class='ocrx_word' id='word_1_193' title='bbox 467 2638 641 2702; x_wconf 89' lang='lat' dir='ltr'>rursusque</span> <span class='ocrx_word' id='word_1_194' title='bbox 657 2640 812 2704; x_wconf 89' lang='lat' dir='ltr'>reponere</span> <span class='ocrx_word' id='word_1_195' title='bbox 829 2629 973 2703; x_wconf 87' lang='lat' dir='ltr'>sumptas</span> 
     </span>
    </p>

    <p class='ocr_par' dir='ltr' id='par_1_28' title="bbox 113 2701 871 2789">
     <span class='ocr_line' id='line_1_29' title="bbox 113 2701 871 2789; baseline -0.001 -21"><span class='ocrx_word' id='word_1_196' title='bbox 113 2702 283 2788; x_wconf 89' lang='lat' dir='ltr'>Neptunus</span> <span class='ocrx_word' id='word_1_197' title='bbox 301 2702 445 2782; x_wconf 90' lang='lat' dir='ltr'>dederat,</span> <span class='ocrx_word' id='word_1_198' title='bbox 462 2701 555 2768; x_wconf 91' lang='lat' dir='ltr'>Nelei</span> <span class='ocrx_word' id='word_1_199' title='bbox 571 2703 734 2789; x_wconf 83' lang='lat' dir='ltr'>sanguinis</span> <span class='ocrx_word' id='word_1_200' title='bbox 752 2714 871 2768; x_wconf 88' lang='lat' dir='ltr'>auctor.</span> 
     </span>
    </p>

    <p class='ocr_par' dir='ltr' id='par_1_29' title="bbox 113 2786 998 2872">
     <span class='ocr_line' id='line_1_30' title="bbox 113 2786 998 2872; baseline 0.001 -21"><span class='ocrx_word' id='word_1_201' title='bbox 113 2786 166 2853; x_wconf 94' lang='lat' dir='ltr'>hic</span> <span class='ocrx_word' id='word_1_202' title='bbox 182 2787 238 2852; x_wconf 92' lang='lat' dir='ltr'>ubi</span> <span class='ocrx_word' id='word_1_203' title='bbox 254 2788 450 2872; x_wconf 89' lang='lat' dir='ltr'>nequiquam</span> <span class='ocrx_word' id='word_1_204' title='bbox 467 2798 516 2853; x_wconf 90' lang='lat' dir='ltr'>est</span> <span class='ocrx_word' id='word_1_205' title='bbox 532 2788 651 2853; x_wconf 85' lang='lat' dir='ltr'>formas</span> <span class='ocrx_word' id='word_1_206' title='bbox 668 2788 809 2853; x_wconf 87' lang='lat' dir='ltr'>variatus</span> <span class='ocrx_word' id='word_1_207' title='bbox 825 2788 859 2852; x_wconf 88' lang='lat' dir='ltr'>in</span> <span class='ocrx_word' id='word_1_208' title='bbox 877 2810 998 2866; x_wconf 81' lang='lat' dir='ltr'>omnes,</span> 
     </span>
    </p>

    <p class='ocr_par' dir='ltr' id='par_1_30' title="bbox 55 2872 973 2956">
     <span class='ocr_line' id='line_1_31' title="bbox 55 2872 973 2956; baseline 0 -19"><span class='ocrx_word' id='word_1_209' title='bbox 55 2876 56 2879; x_wconf 73' lang='grc'>’</span> <span class='ocrx_word' id='word_1_210' title='bbox 113 2872 247 2938; x_wconf 82' lang='lat' dir='ltr'>vertitur</span> <span class='ocrx_word' id='word_1_211' title='bbox 263 2872 297 2936; x_wconf 92' lang='lat' dir='ltr'>in</span> <span class='ocrx_word' id='word_1_212' title='bbox 313 2872 429 2937; x_wconf 87' lang='lat' dir='ltr'>faciem</span> <span class='ocrx_word' id='word_1_213' title='bbox 445 2873 596 2949; x_wconf 88' lang='lat' dir='ltr'>volucris,</span> <span class='ocrx_word' id='word_1_214' title='bbox 614 2894 697 2956; x_wconf 89' lang='lat' dir='ltr'>qnae</span> <span class='ocrx_word' id='word_1_215' title='bbox 714 2872 851 2939; x_wconf 87' lang='lat' dir='ltr'>fulmina</span> <span class='ocrx_word' id='word_1_216' title='bbox 867 2873 973 2938; x_wconf 87' lang='lat' dir='ltr'>curvis</span> 
     </span>
    </p>

    <p class='ocr_par' dir='ltr' id='par_1_31' title="bbox 113 2956 882 3044">
     <span class='ocr_line' id='line_1_32' title="bbox 113 2956 882 3044; baseline 0 -21"><span class='ocrx_word' id='word_1_217' title='bbox 113 2957 199 3023; x_wconf 86' lang='lat' dir='ltr'>ferre</span> <span class='ocrx_word' id='word_1_218' title='bbox 216 2956 296 3023; x_wconf 90' lang='lat' dir='ltr'>solet</span> <span class='ocrx_word' id='word_1_219' title='bbox 311 2957 462 3043; x_wconf 88' lang='lat' dir='ltr'>pedibus,</span> <span class='ocrx_word' id='word_1_220' title='bbox 480 2957 590 3023; x_wconf 87' lang='lat' dir='ltr'>divum</span> <span class='ocrx_word' id='word_1_221' title='bbox 606 2958 787 3043; x_wconf 84' lang='lat' dir='ltr'>gratissima</span> <span class='ocrx_word' id='word_1_222' title='bbox 803 2959 882 3044; x_wconf 85' lang='lat' dir='ltr'>regi.</span> 
     </span>
    </p>

    <p class='ocr_par' dir='ltr' id='par_1_32' title="bbox 113 3041 897 3128">
     <span class='ocr_line' id='line_1_33' title="bbox 113 3041 897 3128; baseline 0.003 -21"><span class='ocrx_word' id='word_1_223' title='bbox 113 3041 235 3107; x_wconf 87' lang='lat' dir='ltr'>viribus</span> <span class='ocrx_word' id='word_1_224' title='bbox 251 3064 328 3107; x_wconf 90' lang='lat' dir='ltr'>usus</span> <span class='ocrx_word' id='word_1_225' title='bbox 346 3043 427 3120; x_wconf 89' lang='lat' dir='ltr'>avis,</span> <span class='ocrx_word' id='word_1_226' title='bbox 443 3042 556 3128; x_wconf 91' lang='lat' dir='ltr'>pennis</span> <span class='ocrx_word' id='word_1_227' title='bbox 573 3054 740 3127; x_wconf 90' lang='lat' dir='ltr'>rostroque</span> <span class='ocrx_word' id='word_1_228' title='bbox 756 3043 897 3110; x_wconf 90' lang='lat' dir='ltr'>redunco</span> 
     </span>
    </p>

    <p class='ocr_par' dir='ltr' id='par_1_33' title="bbox 113 3125 840 3215">
     <span class='ocr_line' id='line_1_34' title="bbox 113 3125 840 3215; baseline 0.001 -24"><span class='ocrx_word' id='word_1_229' title='bbox 113 3125 312 3209; x_wconf 88' lang='lat' dir='ltr'>hamatisque</span> <span class='ocrx_word' id='word_1_230' title='bbox 328 3127 389 3192; x_wconf 86' lang='lat' dir='ltr'>viri</span> <span class='ocrx_word' id='word_1_231' title='bbox 405 3128 579 3194; x_wconf 86' lang='lat' dir='ltr'>laniaverat</span> <span class='ocrx_word' id='word_1_232' title='bbox 596 3129 757 3215; x_wconf 85' lang='lat' dir='ltr'>unguibus</span> <span class='ocrx_word' id='word_1_233' title='bbox 775 3151 840 3194; x_wconf 87' lang='lat' dir='ltr'>ora.</span> 
     </span>
    </p>
   </div>
   <div class='ocr_carea' id='block_1_3' title="bbox 7 3211 951 3299">
    <p class='ocr_par' dir='ltr' id='par_1_34' title="bbox 7 3211 951 3299">
     <span class='ocr_line' id='line_1_35' title="bbox 7 3211 951 3299; baseline 0.001 -21"><span class='ocrx_word' id='word_1_234' title='bbox 7 3245 9 3260; x_wconf 54' lang='grc' dir='ltr'>ι</span> <span class='ocrx_word' id='word_1_235' title='bbox 114 3211 216 3278; x_wconf 89' lang='lat' dir='ltr'>tendit</span> <span class='ocrx_word' id='word_1_236' title='bbox 232 3211 266 3276; x_wconf 91' lang='lat' dir='ltr'>in</span> <span class='ocrx_word' id='word_1_237' title='bbox 283 3211 366 3277; x_wconf 90' lang='lat' dir='ltr'>hanc</span> <span class='ocrx_word' id='word_1_238' title='bbox 382 3212 515 3278; x_wconf 91' lang='lat' dir='ltr'>nimium</span> <span class='ocrx_word' id='word_1_239' title='bbox 534 3224 636 3278; x_wconf 91' lang='lat' dir='ltr'>certos</span> <span class='ocrx_word' id='word_1_240' title='bbox 653 3214 840 3299; x_wconf 80' lang='lat' dir='ltr'>Tirynthius</span> <span class='ocrx_word' id='word_1_241' title='bbox 858 3235 951 3279; x_wconf 87' lang='lat' dir='ltr'>arcus</span> 
     </span>
    </p>
   </div>
   <div class='ocr_carea' id='block_1_4' title="bbox 113 3296 985 4065">
    <p class='ocr_par' dir='ltr' id='par_1_35' title="bbox 113 3296 921 3470">
     <span class='ocr_line' id='line_1_36' title="bbox 114 3296 921 3381; baseline 0 -18"><span class='ocrx_word' id='word_1_242' title='bbox 114 3308 209 3381; x_wconf 91' lang='lat' dir='ltr'>atque</span> <span class='ocrx_word' id='word_1_243' title='bbox 225 3296 308 3362; x_wconf 91' lang='lat' dir='ltr'>inter</span> <span class='ocrx_word' id='word_1_244' title='bbox 324 3297 426 3363; x_wconf 87' lang='lat' dir='ltr'>nubes</span> <span class='ocrx_word' id='word_1_245' title='bbox 443 3298 590 3363; x_wconf 91' lang='lat' dir='ltr'>sublimia</span> <span class='ocrx_word' id='word_1_246' title='bbox 607 3299 751 3365; x_wconf 89' lang='lat' dir='ltr'>membra</span> <span class='ocrx_word' id='word_1_247' title='bbox 767 3300 921 3365; x_wconf 81' lang='lat' dir='ltr'>ferentem</span> 
     </span>
     <span class='ocr_line' id='line_1_37' title="bbox 113 3382 899 3470; baseline 0 -23"><span class='ocrx_word' id='word_1_248' title='bbox 113 3382 369 3468; x_wconf 89' lang='lat' dir='ltr'>pendentemque</span> <span class='ocrx_word' id='word_1_249' title='bbox 385 3382 473 3459; x_wconf 82' lang='lat' dir='ltr'>ferit,</span> <span class='ocrx_word' id='word_1_250' title='bbox 490 3383 581 3448; x_wconf 91' lang='lat' dir='ltr'>lateri</span> <span class='ocrx_word' id='word_1_251' title='bbox 598 3405 663 3467; x_wconf 90' lang='lat' dir='ltr'>qua</span> <span class='ocrx_word' id='word_1_252' title='bbox 679 3384 822 3470; x_wconf 85' lang='lat' dir='ltr'>iungitur</span> <span class='ocrx_word' id='word_1_253' title='bbox 839 3384 899 3448; x_wconf 87' lang='lat' dir='ltr'>ala.</span> 
     </span>
    </p>

    <p class='ocr_par' dir='ltr' id='par_1_36' title="bbox 113 3467 985 4065">
     <span class='ocr_line' id='line_1_38' title="bbox 114 3467 955 3568; baseline 0.002 -36"><span class='ocrx_word' id='word_1_254' title='bbox 114 3489 174 3532; x_wconf 90' lang='lat' dir='ltr'>nec</span> <span class='ocrx_word' id='word_1_255' title='bbox 190 3488 289 3568; x_wconf 75' lang='lat' dir='ltr'>grave</span> <span class='ocrx_word' id='word_1_256' title='bbox 306 3467 423 3532; x_wconf 90' lang='lat' dir='ltr'>vulnus</span> <span class='ocrx_word' id='word_1_257' title='bbox 441 3481 521 3533; x_wconf 85' lang='lat' dir='ltr'>erat:</span> <span class='ocrx_word' id='word_1_258' title='bbox 540 3468 596 3533; x_wconf 88' lang='lat' dir='ltr'>sed</span> <span class='ocrx_word' id='word_1_259' title='bbox 613 3469 700 3556; x_wconf 93' lang='lat' dir='ltr'>rupti</span> <span class='ocrx_word' id='word_1_260' title='bbox 717 3470 847 3534; x_wconf 86' lang='lat' dir='ltr'>vulnere</span> <span class='ocrx_word' id='word_1_261' title='bbox 864 3469 955 3534; x_wconf 89' lang='lat' dir='ltr'>nervi</span> 
     </span>
     <span class='ocr_line' id='line_1_39' title="bbox 115 3553 925 3639; baseline 0.004 -23"><span class='ocrx_word' id='word_1_262' title='bbox 115 3553 265 3617; x_wconf 84' lang='lat' dir='ltr'>deficrunt</span> <span class='ocrx_word' id='word_1_263' title='bbox 283 3562 469 3636; x_wconf 91' lang='lat' dir='ltr'>motumque</span> <span class='ocrx_word' id='word_1_264' title='bbox 486 3565 606 3639; x_wconf 87' lang='lat' dir='ltr'>negant</span> <span class='ocrx_word' id='word_1_265' title='bbox 623 3554 770 3638; x_wconf 84' lang='lat' dir='ltr'>viresque</span> <span class='ocrx_word' id='word_1_266' title='bbox 787 3553 925 3619; x_wconf 90' lang='lat' dir='ltr'>volandi.</span> 
     </span>
     <span class='ocr_line' id='line_1_40' title="bbox 115 3636 892 3724; baseline 0.001 -23"><span class='ocrx_word' id='word_1_267' title='bbox 115 3636 232 3702; x_wconf 90' lang='lat' dir='ltr'>decidit</span> <span class='ocrx_word' id='word_1_268' title='bbox 248 3637 282 3701; x_wconf 92' lang='lat' dir='ltr'>in</span> <span class='ocrx_word' id='word_1_269' title='bbox 299 3647 430 3714; x_wconf 89' lang='lat' dir='ltr'>terram,</span> <span class='ocrx_word' id='word_1_270' title='bbox 447 3660 512 3703; x_wconf 92' lang='lat' dir='ltr'>non</span> <span class='ocrx_word' id='word_1_271' title='bbox 529 3638 780 3724; x_wconf 86' lang='lat' dir='ltr'>concipientibus</span> <span class='ocrx_word' id='word_1_272' title='bbox 797 3661 892 3703; x_wconf 87' lang='lat' dir='ltr'>auras</span> 
     </span>
     <span class='ocr_line' id='line_1_41' title="bbox 113 3721 878 3807; baseline 0 -20"><span class='ocrx_word' id='word_1_273' title='bbox 113 3721 246 3788; x_wconf 90' lang='lat' dir='ltr'>infirmis</span> <span class='ocrx_word' id='word_1_274' title='bbox 263 3722 375 3807; x_wconf 89' lang='lat' dir='ltr'>pennis</span> <span class='ocrx_word' id='word_1_275' title='bbox 380 3747 390 3800; x_wconf 84' lang='lat'>3</span> <span class='ocrx_word' id='word_1_276' title='bbox 408 3734 441 3787; x_wconf 90' lang='lat' dir='ltr'>et</span> <span class='ocrx_word' id='word_1_277' title='bbox 457 3744 522 3806; x_wconf 93' lang='lat' dir='ltr'>qua</span> <span class='ocrx_word' id='word_1_278' title='bbox 538 3724 617 3790; x_wconf 89' lang='lat' dir='ltr'>levis</span> <span class='ocrx_word' id='word_1_279' title='bbox 634 3724 780 3790; x_wconf 90' lang='lat' dir='ltr'>haeserat</span> <span class='ocrx_word' id='word_1_280' title='bbox 798 3724 878 3801; x_wconf 85' lang='lat' dir='ltr'>alae,</span> 
     </span>
     <span class='ocr_line' id='line_1_42' title="bbox 114 3807 867 3895; baseline -0.001 -23"><span class='ocrx_word' id='word_1_281' title='bbox 114 3807 255 3892; x_wconf 90' lang='lat' dir='ltr'>corporis</span> <span class='ocrx_word' id='word_1_282' title='bbox 273 3807 371 3871; x_wconf 82' lang='lat' dir='ltr'>adfixi</span> <span class='ocrx_word' id='word_1_283' title='bbox 386 3830 496 3893; x_wconf 90' lang='lat' dir='ltr'>pressa</span> <span class='ocrx_word' id='word_1_284' title='bbox 513 3819 560 3873; x_wconf 85' lang='lat' dir='ltr'>eat</span> <span class='ocrx_word' id='word_1_285' title='bbox 578 3810 734 3894; x_wconf 79' lang='lat' dir='ltr'>gravitate</span> <span class='ocrx_word' id='word_1_286' title='bbox 751 3809 867 3895; x_wconf 83' lang='lat' dir='ltr'>sagitta</span> 
     </span>
     <span class='ocr_line' id='line_1_43' title="bbox 113 3893 985 3979; baseline 0.003 -22"><span class='ocrx_word' id='word_1_287' title='bbox 113 3914 234 3979; x_wconf 90' lang='lat' dir='ltr'>perque</span> <span class='ocrx_word' id='word_1_288' title='bbox 250 3893 333 3958; x_wconf 91' lang='lat' dir='ltr'>latus</span> <span class='ocrx_word' id='word_1_289' title='bbox 350 3915 510 3958; x_wconf 86' lang='lat' dir='ltr'>summum</span> <span class='ocrx_word' id='word_1_290' title='bbox 527 3893 638 3979; x_wconf 86' lang='lat' dir='ltr'>iugulo</span> <span class='ocrx_word' id='word_1_291' title='bbox 655 3906 704 3959; x_wconf 95' lang='lat' dir='ltr'>est</span> <span class='ocrx_word' id='word_1_292' title='bbox 721 3908 832 3960; x_wconf 87' lang='lat' dir='ltr'>exacta</span> <span class='ocrx_word' id='word_1_293' title='bbox 850 3893 985 3960; x_wconf 86' lang='lat' dir='ltr'>sinistro.</span> 
     </span>
     <span class='ocr_line' id='line_1_44' title="bbox 114 3977 814 4065; baseline 0.001 -23"><span class='ocrx_word' id='word_1_294' title='bbox 114 4000 199 4043; x_wconf 89' lang='lat' dir='ltr'>nuno</span> <span class='ocrx_word' id='word_1_295' title='bbox 210 3977 319 4043; x_wconf 90' lang='lat' dir='ltr'>videor</span> <span class='ocrx_word' id='word_1_296' title='bbox 336 3978 452 4044; x_wconf 92' lang='lat' dir='ltr'>debere</span> <span class='ocrx_word' id='word_1_297' title='bbox 470 3978 516 4044; x_wconf 93' lang='lat' dir='ltr'>tui</span> <span class='ocrx_word' id='word_1_298' title='bbox 532 3979 702 4065; x_wconf 88' lang='lat' dir='ltr'>praeconia</span> <span class='ocrx_word' id='word_1_299' title='bbox 717 3980 814 4045; x_wconf 88' lang='lat' dir='ltr'>rebus</span> 
     </span>
    </p>
   </div>
   <div class='ocr_carea' id='block_1_5' title="bbox 114 4062 975 4224">
    <p class='ocr_par' dir='ltr' id='par_1_37' title="bbox 114 4062 975 4224">
     <span class='ocr_line' id='line_1_45' title="bbox 114 4062 975 4224; baseline 0 -94"><span class='ocrx_word' id='word_1_300' title='bbox 114 4063 279 4144; x_wconf 80' lang='lat' dir='ltr'>Herculis,</span> <span class='ocrx_word' id='word_1_301' title='bbox 297 4085 316 4130; x_wconf 93' lang='lat'><strong>0</strong></span> <span class='ocrx_word' id='word_1_302' title='bbox 333 4062 478 4133; x_wconf 84' lang='lat' dir='ltr'>Rhodiae</span> <span class='ocrx_word' id='word_1_303' title='bbox 495 4063 607 4133; x_wconf 89' lang='lat' dir='ltr'>ductor</span> <span class='ocrx_word' id='word_1_304' title='bbox 624 4064 834 4155; x_wconf 87' lang='lat' dir='ltr'>pulcherrime</span> <span class='ocrx_word' id='word_1_305' title='bbox 852 4065 975 4224; x_wconf 57' lang='lat' dir='ltr'>claslsps:</span> 
     </span>
    </p>
   </div>
   <div class='ocr_carea' id='block_1_6' title="bbox 0 0 1404 4500">
    <p class='ocr_par' dir='ltr' id='par_1_38' title="bbox 0 0 1404 4500">
     <span class='ocr_line' id='line_1_46' title="bbox 0 0 1404 4500; baseline 0 0"><span class='ocrx_word' id='word_1_306' title='bbox 0 0 1404 4500; x_wconf 95' lang='lat' dir='ltr'> </span> 
     </span>
    </p>
   </div>
  </div>
 </body>
</html>
