2800 4500
233 302 602 363 METAMORPHOSEON
618 304 691 360 LIB.
709 301 762 359 III.
782 301 925 361 658-733.
943 302 994 363 Ν.
1007 302 1084 361 1-8.
1127 285 1170 355 55

148 431 250 508 vadit,
267 431 323 497 ubi
341 432 458 497 electus
475 430 622 496 facienda
639 429 680 495 ad
697 453 788 495 sacra
806 426 979 495 Cithaeron

149 517 295 584 cantibus
313 528 345 583 et
362 517 446 582 clara
462 516 673 583 bacchantum
690 538 769 581 voce
787 515 928 581 sonabat,

148 615 184 668 ut
201 604 308 670 fremit
325 625 397 669 acer
414 625 530 687 equus,
548 625 622 668 cum
639 602 771 667 bellicus
789 623 862 667 aere
879 622 995 666 canoro

149 691 242 775 signa
259 689 346 754 dedit
362 689 505 766 tubicen,
522 709 713 775 pugnaeque
731 687 862 752 assumit
880 708 1030 764 amorem,
1189 702 1238 753 705

148 775 294 840 Penthea
311 775 357 840 sic
373 775 455 839 ictus
471 774 575 859 longis
592 773 765 838 ulsdatibus
783 773 893 838 aether

149 860 262 938 movit,
280 870 312 925 et
329 861 437 925 audito
454 860 591 925 clamore
606 858 772 924 recanduit
788 859 844 922 ira.

150 957 257 1012 monte
274 947 341 1011 fere
358 946 462 1011 medio
481 956 543 1024 est,
560 944 761 1095 cingentibus
777 944 889 1008 rdtima
906 941 1003 1020 silvis,

172 1054 250 1096 urus
267 1033 308 1096 ab
327 1031 492 1096 arboribus
510 1042 618 1117 specta
639 1030 689 1095 iiis
707 1029 849 1112 undique
866 1050 1008 1113 campus.

150 1054 203 1182 iio
219 1118 318 1182 oculis
335 1118 425 1182 illum
443 1127 622 1183 cernentem
639 1138 731 1182 sacra
746 1115 888 1202 profanis

151 1202 253 1288 prima
270 1203 370 1280 videt,
387 1203 490 1288 prima
507 1213 556 1268 est
571 1203 683 1268 insano
700 1201 825 1266 concita
842 1222 947 1279 cursu,

150 1288 253 1373 prima
270 1310 365 1353 suum
380 1289 477 1353 misso
494 1288 625 1353 violavit
641 1287 788 1353 Penthea
805 1286 914 1372 thyrso

150 1384 262 1438 mater.
305 1373 360 1450 ‘io,
378 1374 539 1460 geminae'
557 1373 717 1451 clamavit,
735 1373 873 1450 mdeste,
892 1368 1028 1437 sorores!

150 1459 204 1524 ille
222 1480 308 1544 aper,
325 1459 358 1523 in
375 1459 490 1524 nostris
508 1470 591 1525 errat
607 1460 664 1543 qui
680 1458 838 1523 maximus
856 1457 952 1544 agris,

150 1544 204 1609 ille
220 1544 298 1609 mihi
315 1544 475 1610 feriendus
492 1544 589 1631 aper?
631 1544 696 1608 ruit
713 1543 815 1608 omnis
831 1543 866 1608 in
882 1565 983 1607 unum

50 1634 52 1637 ’
150 1630 246 1695 turba
261 1629 386 1708 furens3
404 1641 537 1696 cunctae
555 1635 670 1696 coelunt
681 1631 904 1716 trepidumque
922 1637 1106 1713 sequuntur,

149 1715 216 1781 iam
232 1715 405 1802 trepidum,
423 1715 487 1781 iam
504 1715 602 1781 verba
618 1715 724 1780 minus
741 1715 880 1779 violenta
895 1714 1088 1798 loquentem,

80 1845 82 1847 >
150 1801 215 1866 iam
233 1824 267 1868 se
285 1803 502 1877 damnantem,
520 1803 584 1866 iam
601 1823 636 1866 se
652 1822 802 1886 peccasse
819 1800 982 1866 fatentem.

151 1887 278 1952 saucius
295 1887 349 1952 ille
366 1899 473 1952 tamen
491 1887 554 1952 ‘fer
571 1909 679 1972 opem,
696 1885 877 1951 matertera’
896 1885 976 1949 dixit

151 1972 327 2039 ‘Autonoei
345 1982 494 2038 moveant
511 1972 633 2037 animos
651 1971 825 2037 Actaeonis
843 1970 994 2035 umbrae?

151 2058 219 2135 illa,
237 2059 309 2142 quis
326 2059 487 2134 Actaeon,
504 2058 605 2123 nescit
623 2057 832 2140 dextramque
849 2055 1008 2142 precantis

153 2144 296 2209 abstulit:
313 2144 393 2208 [noo
411 2144 547 2209 lacerata
566 2152 614 2209 est
630 2143 730 2208 altera
746 2165 782 2207 ra
804 2153 850 2206 tu.

152 2251 217 2294 non
233 2228 330 2296 habet
345 2229 470 2307 infelix,
487 2251 570 2314 quae
585 2227 679 2294 matri
695 2227 791 2294 bracc
814 2226 845 2293 ‘a
862 2226 983 2294 tendat:

153 2326 266 2381 trunca
282 2316 339 2381 sed
356 2316 523 2382 ostendens
541 2315 679 2381 disiectis
696 2314 830 2380 vulnera
846 2312 1008 2392 membris,

154 2402 285 2487 ‘aspice,
302 2401 431 2467 materI'
450 2401 503 2466 ait.
547 2400 623 2465 visis
639 2400 774 2466 ululavit
790 2400 907 2486 Agaue

153 2488 297 2571 collaque
313 2487 442 2552 iactavit
458 2487 620 2569 movitque
636 2508 695 2573 per
712 2491 786 2551 ae‘ra
803 2485 936 2550 crinem=

152 2573 362 2656 avulsumque
379 2583 475 2675 eaput
492 2572 599 2658 digitis
617 2572 783 2658 complexa
800 2571 938 2637 cruentis

152 2660 269 2723 clamat
286 2658 330 2723 ‘io
348 2669 492 2735 comrtes,
510 2679 590 2743 opus
607 2658 687 2723 haec
704 2658 835 2722 victoria
851 2667 995 2721 nostrum
1014 2655 1089 2722 esti’

152 2766 218 2809 non
235 2743 327 2810 citius
344 2743 474 2809 frondes
492 2744 637 2808 autumni
653 2742 772 2828 frigore
789 2753 890 2807 tactas

153 2829 280 2912 iamque
296 2829 379 2894 male
397 2828 561 2895 haerentes
579 2830 643 2893 alta
659 2828 742 2913 rapit
760 2826 872 2893 arbore
889 2838 1014 2903 ventus,

153 2937 251 2999 quam
268 2926 341 2980 sunt
357 2914 501 2980 membra
517 2914 578 2978 viri
593 2913 742 2978 manibus
760 2913 883 3062 direpta
899 2912 1055 2977 nefandis.

154 3000 269 3065 talibus
287 3000 440 3086 exemplis
456 2999 595 3066 monitae
611 3021 695 3063 nova
713 3020 803 3064 sacra
850 3009 1022 3082 equentant

154 3095 288 3171 turaque
305 3087 383 3152 dant
399 3096 587 3169 sanctasque
605 3086 714 3150 colunt
729 3083 905 3150 Ismenides
923 3106 1004 3149 aras.

504 3355 621 3411 LIBER
637 3354 827 3421 QUARTUS.

152 3513 200 3579 At
216 3535 280 3578 non
297 3511 447 3579 Alcitho'e'
463 3513 623 3599 Minyeias
641 3512 731 3598 orgia
749 3522 857 3579 censet
1091 3526 1242 3597 bacaudas.

153 3599 338 3685 accipienda
355 3598 420 3675 dei,
437 3599 494 3664 sed
511 3600 615 3664 adhuc
633 3599 800 3664 temeraria
815 3597 981 3662 Bacchum

151 3685 337 3785 progeniem
354 3695 452 3769 negat
469 3707 538 3749 esse
555 3684 656 3762 Iovis,
673 3684 839 3767 sociasque
857 3704 980 3748 sorores

151 3770 321 3855 smpietatis
339 3769 444 3833 habet.
488 3769 605 3834 festum
623 3769 783 3835 celebrare
800 3768 957 3844 sacerdos,

150 3855 373 3937 immunesque
390 3876 523 3940 operum
539 3855 676 3920 famulas
694 3854 901 3936 dominasque
919 3874 1050 3918 suorum
1191 3870 1208 3920 5

151 3950 281 4026 pectora
297 3940 379 4025 pelle
397 3940 477 4025 tegi,
496 3940 629 4005 crinales
647 3942 770 4005 solvere
787 3939 892 4017 vittas,

152 4034 237 4089 serta
254 4044 359 4101 coma,
376 4025 523 4089 manibus
540 4026 723 4091 frondentes
741 4047 866 4090 sumere
883 4024 1008 4109 thyrsos

151 4109 301 4186 iusserat3
319 4120 351 4174 et
368 4133 496 4177 saevam
512 4110 591 4176 laesi
607 4111 681 4176 fore
693 4110 830 4176 numinis
847 4110 928 4176 iram
