2800 4500
292 277 660 339 rmrnuoarnosnorr
675 278 749 337 ure.
767 276 805 337 11.
823 279 968 338 suaset.
1095 263 1139 334 33·

119 406 185 473 odit
202 429 309 484 avem,
326 428 385 493 per
402 429 497 490 quam
515 405 634 472 crimen
652 427 844 490 causamque
863 402 990 470 dolendi

118 493 198 559 scire
216 503 345 558 coactus
363 504 444 570 erat,
462 513 602 558 necnon
620 513 792 575 arcumque
809 513 1001 576 manumque

117 578 185 643 odit
202 599 338 662 cumque
355 600 452 642 manu
470 576 637 664 temeraria
653 579 730 651 tela,
749 575 894 662 sagittas:
1003 636 1005 641 ⁴

117 665 353 749 collapsamque
369 663 458 729 fovet
475 684 607 747 seraque
625 684 686 748 ope
702 662 829 727 vincere
847 662 914 726 fata

117 749 227 813 nititur
244 761 277 814 et
292 749 432 814 medicas
450 759 576 814 exercet
592 748 728 813 inaniter
745 759 837 812 artes.

118 856 201 918 quae
217 846 386 920 postquam
403 834 520 898 frustra
536 844 704 919 temptata,
721 853 898 918 rogumque
915 833 1020 918 parari

118 919 198 984 vidit
214 930 246 985 et
263 941 388 984 arsuros
405 919 560 1006 supremis
577 918 705 1004 ignibus
723 930 820 993 artus,

118 1016 187 1070 tum
204 1025 279 1069 vero
296 1004 433 1090 gemitus
451 1003 670 1089 (nequeenim
688 1004 837 1068 caelestia
853 1002 956 1089 tingui

119 1111 175 1155 cra
192 1089 265 1155 licet
280 1089 433 1176 lacrimis)
451 1091 515 1155 alto
533 1090 573 1154 de
590 1090 684 1155 corde
701 1088 817 1174 petitos

120 1175 232 1240 ediditr
249 1174 336 1239 haud
353 1175 453 1250 aliter,
471 1197 568 1258 quam
584 1196 657 1239 cum
676 1184 837 1260 spectante
854 1173 988 1239 iuvenca

118 1259 262 1326 lactentis
279 1259 370 1326 vituli
387 1261 499 1326 dextra
514 1260 647 1327 libratus
665 1260 706 1324 ab
724 1282 801 1325 aure

118 1357 263 1432 tempora
280 1345 427 1411 discussit
443 1347 528 1411 claro
546 1368 626 1411 cava
642 1345 774 1411 malleus
792 1345 868 1411 ictu.

117 1442 156 1497 ut
172 1443 279 1496 tamen
295 1432 436 1517 ingratos
452 1431 486 1495 in
503 1442 632 1517 pectora
648 1430 733 1496 fudit
750 1431 862 1496 odores

119 1529 152 1583 ct
170 1516 256 1583 dedit
274 1517 438 1603 amplexus
455 1515 636 1602 iniustaque
653 1517 737 1581 iusta
753 1516 886 1602 peregit,

117 1625 183 1668 non
201 1602 273 1667 tulit
288 1602 322 1666 in
339 1603 459 1668 cineres
476 1602 542 1666 labi
559 1624 618 1666 sua
633 1601 786 1667 Phoebus
804 1600 932 1667 eosdem

119 1688 255 1764 semina,
272 1687 328 1752 sed
345 1699 455 1752 natum
471 1688 607 1753 flammis
622 1699 777 1771 uteroque
793 1687 933 1772 parentis

119 1773 235 1860 eripuit
250 1771 433 1858 geminique
450 1772 522 1837 tulit
539 1770 687 1837 Chironis
705 1773 738 1837 in
756 1784 891 1849 antrum,
1159 1795 1210 1844 aaa

120 1869 363 1945 sperantemque
381 1857 442 1922 sibi
458 1880 522 1932 non
539 1858 638 1923 falsae
655 1858 797 1943 praemia
813 1858 943 1943 linguas

118 1946 202 2010 inter
219 1965 294 2009 aves
313 1943 401 2008 albas
418 1944 519 2009 vetuit
536 1943 707 2009 consistere
724 1964 864 2008 corvum.

164 2028 302 2097 Semifer
317 2029 439 2094 interea
456 2029 581 2094 divinae
599 2027 704 2114 stirpis
721 2028 850 2092 alumno
1086 2045 1209 2115 ceptor.

119 2116 222 2181 laetus
240 2125 308 2180 erat
324 2113 487 2197 mixtoque
504 2113 591 2179 oneri
608 2113 770 2200 gaudebat
786 2113 915 2178 honore.
933 2178 936 2186 ,

121 2223 195 2267 ecce
213 2200 299 2266 venit
315 2199 416 2264 rutilis
433 2221 558 2266 umeros
575 2210 719 2286 protecta
735 2199 856 2285 capillis
899 2201 902 2206 ’
1161 2221 1210 2270 635

120 2287 187 2352 filia
204 2284 372 2362 Centauri,
391 2307 487 2368 quam
504 2285 664 2370 quondam
681 2285 823 2370 nympha
841 2282 990 2349 Chariclo

121 2371 259 2437 fluminis
275 2371 309 2435 in
325 2371 427 2456 rapidi
443 2371 519 2457 ripis
537 2371 631 2438 enixa
647 2372 773 2436 vocavit

122 2456 304 2541 Ocyrhoe‘n.
347 2478 412 2521 non
429 2456 508 2522 haec
526 2469 608 2522 artes
626 2466 774 2521 contenta
790 2466 938 2541 paternas

121 2542 287 2608 edidicisse
304 2541 379 2606 fuit:
397 2541 535 2607 fatorum
553 2564 669 2616 areana
686 2540 830 2612 canebat.

121 2650 198 2714 ergo
216 2627 272 2692 ubi
289 2626 441 2713 vaticinos
460 2649 557 2693 conce
579 2628 605 2692 it
622 2638 727 2692 mente
744 2627 867 2692 furores

121 2712 315 2796 incaluitque
332 2712 407 2789 deo,
426 2734 520 2797 quem
538 2650 681 2778 elisurum
697 2723 826 2797 pectore
843 2711 992 2788 habebat,

122 2798 235 2883 aspicit
252 2797 406 2862 infantem
423 2797 508 2861 ‘toto’
516 2818 578 2879 que
591 2797 750 2862 ‘salutifer
767 2797 835 2861 orbi

123 2905 228 2948 cresce
245 2883 348 2968 puer'‚
367 2882 460 2959 dixit,
477 2882 549 2947 ‘tibi
566 2904 600 2947 se
617 2882 762 2947 mortalia
780 2904 875 2967 saepe

123 2989 255 3053 corpora
271 2967 441 3033 debebunt.
485 2968 605 3033 animas
623 2967 681 3032 tibi
696 2967 829 3033 reddere
846 2967 1010 3053 ademptas

122 3054 171 3118 fas
190 3052 258 3117 erit.
300 3053 396 3137 idque
413 3054 510 3119 semel
529 3053 577 3118 dis
593 3052 831 3138 indignantibus
849 3074 955 3127 ausus,

122 3160 216 3223 posse
234 3137 308 3204 dare
324 3138 386 3203 hoc
402 3138 516 3203 iterum
533 3138 662 3203 flamma
678 3136 887 3223 prohibebere
904 3138 999 3214 avita,

123 3245 204 3307 eque
222 3223 281 3288 deo
300 3244 413 3310 corpus
431 3224 488 3289 fies
506 3245 666 3301 exanoue,
685 3223 837 3307 deusque,
939 3231 940 3234 ’

122 3307 178 3393 qui
194 3308 290 3373 modo
307 3330 421 3395 corpus
440 3332 524 3386 eras,
542 3278 640 3374 ethis
658 3320 713 3373 tua
730 3308 797 3373 fata
813 3307 955 3373 novabis.

121 3406 157 3460 tu
175 3414 317 3477 quoque,
335 3416 407 3460 care
424 3406 524 3480 pater,
540 3416 626 3459 nunc
643 3394 828 3459 immortalis
846 3406 879 3458 et
895 3392 982 3458 aevis

121 3479 267 3545 omnibus
284 3489 322 3544 ut
337 3501 482 3557 maneas,
499 3480 650 3544 nascendi
667 3481 739 3565 lege
756 3489 881 3544 creatus

120 3586 214 3651 posse
231 3564 312 3629 mori
330 3563 438 3650 cupies
456 3576 539 3642 tum,
557 3564 829 3634 cumcruciabere
847 3564 934 3628 dirae

120 3649 276 3735 sanguine
294 3649 449 3736 serpentis
465 3672 522 3735 per
538 3650 647 3715 saucia
663 3649 806 3714 membra
823 3660 964 3734 recepto:

120 3746 215 3817 teque
233 3757 273 3800 ex
290 3746 419 3800 aeterno
435 3735 606 3820 patientem
622 3735 754 3799 numina
770 3735 880 3798 mortis

121 3820 275 3897 efficient,
292 3820 493 3906 triplicesque
511 3820 590 3886 deae
607 3832 663 3885 tua
679 3820 733 3884 fila
750 3816 930 3885 resolvent?

120 3904 261 3970 restabat
277 3905 351 3970 fatis
369 3905 512 3989 aliquid
543 3905 680 3991 suspirat
697 3905 739 3970 ab
756 3904 829 3969 imis

121 3989 316 4077 pectoribus,
334 3990 546 4073 lacrimaeque
563 3989 654 4076 genis
671 3990 823 4056 labuntur
840 3989 980 4067 obortae,

121 4085 218 4159 atque
234 4074 279 4139 ita
297 4076 528 4161 ‘praevertunt’
541 4074 649 4161 'inquit
667 4082 733 4141 ‘me
750 4077 831 4154 fata,
850 4088 1001 4160 vetorque

173 4174 241 4226 oasa
247 4176 285 4220 ar.
294 4175 324 4221 11.
954 4175 973 4234 3
