2800 4500
282 279 651 354 uarauos‘enosaon
666 296 739 350 me.
758 280 839 351 x11'1.
857 295 1002 354 669-646.
1093 266 1157 348 tri

134 430 204 486 atra
220 419 329 485 favilla
345 421 431 486 volat
447 404 686 507 glomerataque
705 441 819 505 corpus
835 418 869 484 in
886 441 987 484 unum

134 506 284 572 densetur
299 504 477 590 faciemque
495 506 593 591 capit,
611 505 769 589 sumitque
787 506 924 570 calorem

133 602 230 674 atque
248 592 386 655 animam
402 613 443 657 ex
460 590 536 677 igni.
579 590 691 656 levitas
709 613 768 654 sua
783 590 930 675 praebuit
947 591 1024 655 alas.
1174 610 1223 660 665

134 688 165 742 et
183 675 285 762 primo
303 676 412 742 similis
431 676 565 753 volucri,
582 696 657 739 mox
674 697 751 741 vera
768 675 905 741 volucris

132 760 273 827 insonuit
289 762 415 847 pennis:
433 762 551 848 pariter
567 783 701 826 sonuere
719 782 842 827 sorores

132 846 331 926 innumerae,
349 847 532 931 quibusest
549 846 661 913 eadem
677 846 792 911 natalis
809 846 909 948 origo.

133 942 244 1016 terque
260 954 374 1018 rogum
391 933 539 1008 lustrant,
557 943 590 997 et
605 953 764 997 consonus
781 932 846 997 exit
863 956 895 996 m
914 952 1007 997 auras

132 1029 181 1081 ter
197 1018 341 1103 clangor3
359 1028 473 1101 quarto
488 1018 644 1084 seducunt
660 1028 764 1083 eastra
780 1018 902 1082 volatus

132 1115 201 1167 tum
218 1102 282 1167 duo
300 1102 425 1168 diversa
441 1103 550 1188 populi
568 1102 609 1168 de
625 1113 715 1188 parte
732 1103 854 1168 feroces

39 1252 41 1255 .
132 1188 216 1253 bella
232 1199 364 1273 gerunt,
381 1190 554 1272 rostrisque
571 1199 603 1252 et
620 1187 752 1253 aduncis
770 1187 930 1273 unguibus
947 1186 1010 1252 iras

132 1285 293 1350 exercent,
310 1273 440 1356 alasque
457 1273 653 1358 adversaque
669 1284 799 1358 pectora
815 1275 948 1338 lassant:

132 1357 327 1442 insaniaeque
345 1359 462 1423 cadunt
480 1358 577 1425 cineri
594 1369 731 1445 cognata
747 1359 870 1443 sepulto

132 1464 279 1529 corpora,
297 1465 395 1527 seque
412 1443 480 1508 viro
497 1443 572 1509 forti
588 1444 760 1511 meminere
777 1455 907 1510 creatas.

132 1527 334 1678 quepetibus
352 1528 464 1594 subitis
481 1550 596 1595 nomen
613 1528 691 1596 facit
707 1540 827 1595 auctor.
870 1530 912 1595 ab
929 1528 983 1593 illo

172 1613 355 1680 emnonides
373 1613 491 1693 dietae,
508 1637 582 1680 cum
600 1616 648 1682 sol
665 1616 813 1681 duodena
829 1613 952 1700 peregit

133 1699 238 1785 signa,
257 1699 411 1782 parentali
427 1700 598 1766 moriturae
619 1701 690 1766 luce
707 1701 870 1766 rebellant.

132 1806 209 1870 ergo
227 1786 296 1850 aliis
313 1785 445 1851 latrasse
462 1785 661 1871 Dymantida
676 1785 783 1850 flebile
799 1786 902 1849 visum
921 1794 984 1851 estc

131 1869 269 1935 luctibus
285 1881 340 1935 ess
351 1872 479 1935 Aurora
496 1872 561 1935 suis
577 1870 709 1946 intenta,
726 1870 859 1955 piasque
1154 1885 1156 1890 ’
1173 1889 1224 1938 tao

131 1977 217 2019 nunc
234 1975 361 2038 qnoque
379 1956 434 2020 dat
450 1955 596 2019 lacrimas
613 1966 644 2018 et
661 1964 727 2019 toto
745 1966 830 2019 rorat
846 1954 879 2018 in
897 1955 983 2019 orbe.
1219 1968 1224 1979 ·

174 2039 248 2104 Non
265 2050 372 2104 tamen
389 2061 533 2104 eversam
549 2039 665 2104 Troiae
682 2061 755 2103 cum
773 2038 939 2122 moen-ibus
957 2061 1026 2104 esse
1112 2054 1222 2107 Aeneae

132 2146 221 2209 spem
238 2144 366 2207 quoque
383 2124 451 2189 fata
467 2123 584 2189 sinunt.
628 2146 718 2203 sacra
736 2137 777 2202 et,
795 2146 885 2189 sacra
902 2125 1011 2201 altera,
1028 2130 1151 2207 patrem

132 2209 198 2276 fert
210 2209 342 2287 umeris,
361 2209 541 2276 venerabile
558 2230 653 2289 onus,
672 2207 862 2296 Cythereius
879 2209 982 2275 heros.

132 2295 172 2360 de
191 2293 285 2359 tantis
302 2294 416 2381 opibus
432 2296 584 2381 praedam
601 2296 672 2382 pius
690 2296 779 2382 eligit
795 2297 882 2361 illam
1173 2315 1223 2365 625

131 2380 370 2464 Ascaniumque
388 2403 497 2459 suum,
513 2381 715 2468 profugaque
731 2405 789 2467 per
805 2402 944 2465 aequora
961 2380 1061 2447 classe

130 2465 232 2531 fertur
249 2466 292 2530 ab
308 2466 491 2544 Antandro,
509 2468 726 2551 scelerataque
742 2467 852 2532 limina
869 2465 1031 2532 Thracum

130 2562 163 2618 et
179 2550 361 2637 Polydoreo
377 2564 558 2618 manantem
577 2553 732 2637 sanguine
749 2563 865 2618 terram

130 2636 258 2720 linquit,
277 2649 308 2702 et
325 2637 456 2702 utilibus
474 2638 577 2704 ventis
595 2654 749 2723 aestuque
766 2638 907 2704 seeundo

130 2721 226 2787 intrat
243 2715 461 2807 Apollineam,
479 2722 572 2789 sociis
590 2723 824 2801 comitantibus,
842 2724 964 2789 urbem.
1172 2743 1223 2793 630

129 2806 216 2871 hunc
232 2806 352 2885 Anius,
370 2829 435 2892 quo
452 2829 529 2893 rege
545 2807 704 2886 homines,
723 2808 860 2874 antistite
878 2809 1029 2874 Phoebus
1109 2823 1224 2890 (Anius.)

128 2889 188 2954 rite
205 2890 376 2969 colebatur,
393 2896 511 2979 templo
533 2916 575 2959 ue
591 2894 748 2976 domoque
765 2894 893 2978 recepit,

129 2971 306 3055 urbemque
323 2974 461 3060 ostendit
478 2915 674 3059 delubraque
690 2988 767 3041 nota
784 2978 927 3061 duasque

130 3055 259 3144 Latona
275 3057 435 3140 quondam
453 3059 566 3144 stirpes
582 3060 726 3145 pariente
743 3072 890 3127 retentas.

130 3151 201 3207 ture
218 3140 293 3206 dato
311 3142 445 3208 flammis
462 3144 600 3229 vinoque
617 3145 651 3209 in
668 3156 741 3211 tura
757 3147 888 3232 profuso

130 3247 358 3310 caesarumque
373 3228 472 3294 boum
490 3230 577 3295 fibris
595 3229 741 3297 demone
758 3232 915 3309 crematis,

129 3311 218 3397 regia
236 3323 318 3377 tecta
335 3324 461 3398 petunt,
480 3315 637 3400 positique
654 3316 812 3401 tapetibus
830 3317 901 3383 altis

129 3419 261 3461 munera
279 3418 354 3462 eum·
368 3396 489 3481 liquido
507 3401 634 3486 capiunt
653 3398 799 3468 Cerealia
815 3401 954 3468 Baccho.

129 3492 206 3546 tunc
222 3482 295 3568 pius
311 3481 484 3550 Anchises:
503 3494 537 3549 ‘o
554 3485 679 3551 Phoebi
696 3487 777 3553 lecte
794 3488 951 3565 sacerdos,

129 3566 222 3631 fallor
239 3590 280 3631 an
298 3578 330 3632 et
345 3580 470 3645 natum,
490 3572 717 3656 cumprimum
736 3572 814 3638 haec
831 3573 956 3638 moenia
974 3573 1049 3651 vidi,
1170 3595 1221 3645 646

128 3649 245 3736 bisque
259 3651 339 3717 duas
356 3665 462 3729 natas,
480 3667 635 3738 quantum
652 3656 845 3734 reminiscor,
862 3658 1037 3725 habebasl'

128 3736 203 3801 huie
220 3737 326 3814 Anius
342 3736 444 3802 niveis
461 3738 655 3806 circumdata
672 3756 815 3827 tempora
831 3743 917 3807 vittis

129 3823 311 3888 concutiens
328 3832 360 3887 et
377 3822 475 3888 tristis
492 3825 549 3889 ait:
567 3833 645 3894 ‘non
663 3827 797 3905 falleris,
815 3828 907 3893 heros

128 3907 276 3973 maxime.
319 3905 426 3973 vidisti
440 3920 594 3976 notorum
605 3911 747 3997 quinque
764 3924 937 3999 parentem,

128 4013 223 4075 quem
241 4015 326 4058 nunc
342 3997 445 4077 (tanta
462 3994 605 4061 homines
621 4019 728 4063 rerum
745 3998 955 4065 inconstantia
972 4003 1092 4087 versat)
1168 4019 1219 4072 645

127 4099 228 4168 paene
245 4078 333 4147 uides
351 4079 475 4149 orbum.
503 4081 605 4169 ⁴quod
622 4082 706 4151 enim
724 4083 802 4150 mihi
819 4085 902 4152 filius
920 4086 1035 4153 absens

834 4193 839 4207 ‘
927 4184 979 4241 15·
