2800 4500
254 261 322 334 262
592 272 627 331 P.
645 273 771 334 ovron
786 272 949 333 NASONIS

257 401 407 487 quodque
424 397 526 486 magis
540 398 656 464 mirum
674 411 732 478 est,
750 411 833 476 sunt,
851 400 906 484 qui
923 420 988 463 non
1002 419 1135 487 corpora
1147 409 1281 479 tantum,

257 510 368 554 verum
386 486 507 552 animos
524 485 620 550 etiam
637 485 766 550 valcant
781 496 919 561 mutare,
936 484 1085 569 liquores.

257 572 310 639 cui
325 594 390 637 non
407 571 517 637 audita
534 581 582 637 est
598 570 755 635 obscenae
773 568 929 636 Salmacis
945 570 1052 635 undae

191 679 241 728 aro
258 657 497 759 Aethiopesque
514 656 623 722 lacus?
648 676 728 739 quos
746 655 773 720 si
790 656 861 739 quis
878 655 1025 721 faucibus
1043 657 1158 735 hausit,

258 755 314 808 aut
329 743 421 819 funt,
439 753 495 807 aut
510 741 629 827 patitur
645 741 761 805 mirum
777 741 934 890 gravitate
951 762 1107 825 soporem.

193 896 195 899 ,
258 826 391 894 Clitorio
408 827 600 911 quicumque
617 825 702 890 sitim
720 826 760 891 de
792 837 866 892 onte
882 825 1009 906 levavit,

257 913 332 978 vina
347 913 431 999 fugit
448 912 630 997 gaudetque
646 910 742 976 meris
760 911 932 976 abstemius
949 911 1058 977 undis:

257 1021 314 1064 seu
331 998 379 1063 vis
397 998 495 1064 estin
513 1019 598 1081 aqna
615 996 717 1061 calido
735 997 891 1061 contraria
907 995 992 1074 vino,

190 1106 240 1156 825
259 1083 340 1161 sive,
357 1083 443 1167 quod
459 1082 627 1183 indigenae
644 1092 835 1159 memorant,
852 1082 1056 1167 Amythaone
1073 1093 1177 1162 natus,

257 1167 425 1234 Proetidas
443 1179 591 1233 attonrtas
608 1177 777 1253 postquam
794 1189 852 1253 per
869 1189 996 1232 carmen
1013 1178 1046 1233 et
1062 1168 1177 1234 herbas

257 1254 373 1340 eripuit
389 1253 479 1318 furiis
484 1301 494 1331 ,
512 1251 702 1338 purgamina
718 1253 832 1317 mentis
849 1252 883 1317 in
899 1253 969 1317 illas

229 1382 231 1385 ·
256 1339 344 1404 misit
361 1360 475 1422 aquas,
493 1338 665 1421 odiumque
681 1338 763 1422 meri
778 1338 951 1423 permansit
967 1337 1001 1402 in
1017 1340 1122 1405 undis.

181 1474 183 1477 ψ
257 1424 331 1489 huic
347 1424 418 1489 fluit
434 1423 551 1489 effectu
568 1423 675 1507 dispar
692 1422 883 1508 Lyncestius
901 1424 1013 1501 amnis,

190 1532 241 1582 330
257 1532 353 1594 quern
370 1508 563 1593 quicumque
579 1530 693 1593 parurn
710 1507 872 1573 moderato
889 1519 1018 1609 gutture
1035 1510 1142 1588 traxit,

257 1595 344 1659 haud
361 1595 452 1660 aliter
468 1593 597 1671 titubat,
614 1615 711 1676 quam
728 1593 755 1658 si
772 1616 860 1659 mera
876 1616 951 1658 vrna
968 1594 1108 1660 bibisset.

258 1691 306 1745 cst
322 1679 411 1745 lacus
427 1678 587 1745 Arcadiae
604 1677 773 1762 (Pheneon
791 1679 898 1745 dixere
914 1679 1051 1765 priores)

258 1764 416 1851 ambiguis
434 1776 598 1850 suspectus
616 1764 722 1848 aquis,
740 1787 820 1849 quas
837 1775 930 1831 nocto
946 1764 1071 1844 timeto;

258 1861 351 1916 nocte
367 1861 483 1916 nocent
499 1861 607 1936 potaer
625 1849 693 1915 sinc
710 1871 796 1914 noxa
811 1850 883 1916 luce
899 1849 1061 1915 bibuntur.

190 1959 240 2007 335
258 1937 304 2001 sic
320 1935 397 2001 alias
415 1936 555 2020 aliasque
571 1936 660 2001 lacus
678 1945 710 2000 et
726 1935 858 1999 flumina
874 1935 957 2001 viros

258 2021 449 2108 concipiunt.
493 2032 681 2106 tempusque
698 2020 774 2097 fuit,
793 2042 857 2105 quo
874 2021 963 2085 navit
978 2021 1012 2085 in
1030 2022 1138 2087 undisr

257 2129 343 2172 nunc
360 2107 449 2173 sedet
466 2104 612 2192 Ortygie.
655 2105 761 2170 timuit
777 2106 983 2172 concursibus
1000 2108 1092 2194 Argo

257 2192 415 2259 undarum
433 2214 558 2279 sparsas
576 2190 811 2278 Symplegadas
828 2192 986 2269 elisarum,

258 2301 341 2364 quae
357 2300 443 2344 nunc
458 2279 607 2342 immotae
624 2288 768 2363 perstant
783 2277 950 2362 ventisque
967 2278 1124 2344 resistunt.

190 2386 241 2436 340
258 2385 318 2429 nec
334 2383 417 2447 quae
434 2363 611 2449 sulphureis
629 2364 719 2428 ardet
735 2362 932 2440 fornacibus,
949 2364 1057 2429 Aetna

257 2449 352 2534 ignea
369 2470 493 2533 semper
510 2448 582 2513 erit:
600 2469 704 2531 neque
722 2448 805 2513 enim
823 2447 885 2513 fuit
900 2449 996 2534 ignea
1013 2471 1146 2534 semper.
1205 2487 1209 2493 ·

257 2557 332 2598 narn
350 2533 417 2599 sive
434 2545 482 2598 cst
498 2533 616 2597 animal
632 2533 726 2598 tellus
743 2544 776 2598 et
792 2533 871 2598 vivit
887 2532 1046 2618 habetque

258 2620 449 2705 spiramenta
465 2617 542 2683 locis
559 2619 721 2682 flammam
738 2619 897 2684 exalantia
912 2619 1036 2685 multis:

258 2704 399 2790 spirandi
415 2714 537 2769 mutare
554 2704 637 2781 vias,
655 2703 864 2788 quotiensque
882 2716 1035 2783 movetur,

190 2812 240 2861 345
258 2790 315 2854 has
332 2789 422 2854 finire
439 2799 557 2890 potest,
574 2790 643 2854 illas
661 2790 783 2876 aperire
800 2812 967 2867 cavernas3

258 2875 324 2940 sive
340 2875 427 2941 leves
443 2874 516 2939 imis
533 2875 619 2940 venti
635 2875 823 2941 cohibentur
838 2875 872 2940 in
889 2877 997 2953 antris,

258 2982 398 3044 saxaque
416 2982 488 3025 oum
507 2960 591 3025 saxis
608 2971 641 3026 et
657 2960 827 3027 habentem
845 2961 967 3027 semina
982 2961 1130 3027 flammae

256 3046 420 3111 materiam
436 3045 570 3123 iactant,
588 3068 627 3111 ca
643 3048 733 3111 conci
756 3048 782 3110 it
797 3046 912 3112 ictibus
928 3046 1051 3132 ignem:

257 3142 347 3196 antra
363 3130 580 3213 relinquentur
596 3131 713 3196 sedatis
730 3069 848 3217 iiigida
863 3133 980 3210 ventis3

189 3238 239 3287 350
257 3217 323 3282 sive
341 3215 532 3281 bitumineae
549 3239 586 3280 ra
607 3216 678 3281 iunt
695 3217 842 3281 incendia
862 3218 956 3295 vires,

255 3301 382 3367 luteave
399 3301 522 3386 exiguis
540 3238 710 3367 ardisscunt
726 3302 879 3387 sulphura
895 3302 1006 3367 fumist

255 3408 369 3472 nempe
386 3387 442 3450 ubi
459 3398 544 3452 terra
560 3386 647 3451 cibos
665 3387 876 3470 alimentaque
894 3388 1025 3473 pinguia
1042 3389 1188 3455 fiammae
1265 3403 1268 3408 ’

255 3494 319 3537 non
337 3472 424 3536 dabit
442 3471 617 3557 absumptis
634 3471 840 3558 perlongum
857 3472 977 3537 viribus
995 3495 1119 3551 aevum,

255 3568 450 3642 naturaeque
467 3579 561 3621 suum
577 3556 736 3622 nutrimen
754 3556 853 3622 deerit
870 3557 970 3634 edaci,

188 3661 237 3712 355
255 3662 320 3707 non
336 3641 417 3707 feret
432 3641 487 3706 illa
503 3642 622 3707 famem
640 3643 827 3726 desertaque
844 3643 968 3709 deseret
984 3644 1076 3729 ignis.

255 3748 325 3792 esse
341 3726 425 3792 viros
443 3726 530 3792 fama
547 3739 596 3792 est
610 3727 645 3792 in
662 3727 872 3814 Hyperborea
888 3727 1030 3806 Pallene,

255 3812 311 3895 qui
328 3812 450 3877 soleant
465 3812 590 3878 levibus
608 3813 707 3886 velari
724 3833 857 3897 corpora
873 3815 999 3899 plumis,

256 3918 329 3961 cnm
346 3896 561 3962 Tritoniacam
577 3897 687 3962 novies
705 3897 830 3963 subiere
848 3898 1007 3982 paludem.

255 3981 342 4046 haud
359 3981 507 4064 equidem
523 3982 632 4047 credor
650 4004 778 4067 sparsae
795 4003 922 4067 quoque
939 3984 1083 4049 membra
1099 3985 1230 4052 venenis

188 4084 238 4135 300
256 4087 402 4133 exercerc
420 4076 504 4130 artes
522 4064 691 4151 Scythides
709 4080 923 4137 memorantur
939 4070 1077 4137 easdem.
