2800 4500
316 250 681 311 Muunuocuflosuou
697 250 772 308 ΜΒ.
790 250 842 309 XI.
861 251 988 309 52-139.
1102 236 1164 304 183

143 377 266 464 perbis
284 376 423 464 quinque
441 376 507 443 dies
525 387 558 441 et
573 376 697 442 iunctas
715 375 824 441 ordine
841 386 960 442 noctes.

143 476 174 529 et
191 463 255 528 iam
273 463 435 528 stellarum
452 462 587 528 sublime
605 471 752 547 coegerat
769 484 885 547 agmen

143 548 276 614 Lucifer
292 547 492 622 undecimus,
510 547 622 632 Lydos
640 567 713 612 cum
731 547 832 611 laetus
849 546 884 611 in
901 569 994 632 agros

142 655 199 698 rex
217 634 303 699 venit
319 644 350 699 et
367 633 475 699 iuveni
493 631 637 699 Silenum
654 631 759 697 reddit
775 632 914 697 alumno.

142 719 217 784 huic
234 719 313 783 deus
330 718 461 804 optandi
477 728 619 804 gratum
637 716 694 782 sed
711 716 836 793 inutile,
854 717 931 782 fecit

143 803 283 869 muneris
300 803 480 879 arbitrium,
498 804 642 889 gaudens
660 802 760 868 altore
776 812 914 887 recepto.

141 888 208 965 ille,
226 889 309 953 male
325 886 441 954 us‘urus
459 887 563 965 donis,
581 888 626 953 ait
643 887 764 965 ‘effice,
780 887 933 971 quicquid

143 995 274 1059 corpore
291 974 464 1060 contigero,
481 972 606 1038 fulvum
623 983 764 1038 vertatur
779 972 813 1037 in
830 971 964 1038 aurum!
988 1000 992 1006 ·

143 1058 609 1142 2¹Qcitmqus
627 1080 760 1124 munera
776 1058 870 1122 solvit

141 1143 150 1208 ἶ
447 1191 466 1221 ,,
483 1144 570 1227 quod
586 1165 650 1208 non
667 1143 799 1209 meliora
815 1142 955 1229 petisset

80 1250 124 1288 ἡ
141 1229 152 1292 ,¹
444 1239 526 1312 atque
542 1229 627 1293 malo
644 1227 855 1314 Berecyntius
871 1228 980 1294 herosz

439 1338 448 1377 ι
465 1314 625 1399 tangendo
644 1313 770 1399 singula
785 1325 930 1400 temptat.

434 1421 500 1475 ens,
517 1420 582 1463 non
599 1399 663 1464 alta
679 1399 793 1465 fronde
809 1399 965 1466 virentem

430 1506 520 1569 gome
538 1484 630 1570 virga
646 1507 745 1550 aurea
761 1484 846 1549 facta
863 1496 921 1550 est

424 1591 482 1634 rm:
501 1592 615 1635 saxum
631 1590 760 1653 quoque
776 1569 889 1655 palluit
905 1592 994 1635 auro.

420 1676 500 1719 sam:
519 1666 667 1721 contactu
683 1655 799 1740 glaeba
816 1655 937 1741 potenti

417 1750 476 1805 rtes
494 1737 620 1806 Cereris
638 1739 795 1825 decerpsit
812 1739 938 1806 aristas:

411 1836 460 1890 fat.
504 1825 668 1910 demptum
685 1835 773 1890 tenet
789 1825 902 1891 arbore
917 1847 1065 1911 pomum:

407 1930 490 1975 rasse
505 1919 607 1995 putes.
651 1909 679 1974 si
696 1909 840 1995 postibus
858 1910 929 1975 altis

402 2015 429 2069 s,
448 2007 554 2079 postes
571 1993 695 2059 radiare
712 1993 869 2059 videntur.

398 2078 449 2143 ,dis
466 2079 588 2164 palmas
605 2078 662 2142 ubi
678 2079 800 2144 laverat
816 2079 920 2157 undis,

394 2163 475 2227 almis
492 2162 629 2228 Dana‘e‘n
647 2163 775 2229 eludere
792 2174 908 2250 posset.

389 2271 462 2315 suas
480 2248 585 2315 auimo
603 2248 701 2335 capit,
720 2272 817 2315 aurea
834 2250 958 2335 fingens

385 2334 453 2400 enti
468 2357 593 2401 mensas
611 2356 747 2421 posuere
764 2335 898 2400 ministri

381 2419 452 2485 ibus
468 2442 529 2485 nec
547 2430 646 2485 tostae
663 2419 766 2506 frugis
783 2431 923 2506 egentes.

377 2526 401 2569 'e
417 2504 470 2571 ille
488 2527 547 2569 sua
565 2501 711 2571 Cerealia
728 2505 840 2571 dextra

373 2603 477 2674 gerat,
497 2587 642 2656 Cerealia
659 2590 743 2656 dona
760 2591 921 2677 rigebant=

367 2675 431 2740 rido
449 2676 625 2741 convellere
642 2676 737 2742 dente
753 2676 897 2762 parabat,
1098 2750 1100 2752 ¹

363 2784 395 2825 ra
411 2761 523 2847 dapes,
541 2760 668 2826 admoto
686 2761 794 2837 dente,
812 2763 986 2846 premebat.

359 2845 411 2912 rris
429 2856 589 2911 auctorem
606 2846 746 2912 muneris
756 2847 870 2914 tundis:

355 2943 420 2996 stus
437 2953 551 2995 aurum
567 2930 691 2997 fluitare
708 2931 843 2998 videres.

352 3016 445 3082 vitate
462 3015 553 3093 mali,
570 3016 723 3100 divesque
740 3017 909 3101 miserque,

347 3112 388 3165 :at
404 3122 495 3186 opes,
512 3112 543 3166 et
560 3121 643 3184 quae
659 3101 754 3167 modo
771 3113 915 3179 voverat,
934 3102 1010 3168 odit.

351 3185 469 3251 famem
485 3188 619 3263 relevat,
637 3185 706 3252 sitis
723 3186 813 3253 arida
828 3199 940 3272 guttur

339 3270 385 3335 iso
402 3272 532 3336 meritus
550 3281 715 3355 torquetur
731 3272 774 3337 ab
791 3294 879 3337 auro.

334 3376 382 3437 pue
399 3377 513 3421 manus
530 3367 562 3421 et
579 3356 746 3442 splendida
762 3357 911 3423 bracchia
927 3359 1040 3424 tollens

330 3438 620 3526 1,Lenaeepaterl
638 3443 861 3527 peccavimus,'
879 3443 981 3527 inquit

326 3545 388 3600 ere,
405 3546 527 3610 precor,
546 3526 752 3675 speciosoque
769 3527 855 3678 eripe
873 3528 1009 3593 damno!

323 3611 564 3677 ‚numsmBaco
586 3634 624 3676 us
641 3634 791 3697 peccasse
821 3623 959 3679 stentem

318 3693 436 3776 actique
453 3692 515 3756 fide
533 3695 607 3758 data
624 3717 756 3759 munera
773 3696 877 3763 solvit.

315 3800 332 3843 a
349 3789 456 3864 optato
473 3800 601 3844 maneas
619 3779 813 3846 circumlitus
830 3803 918 3857 auro,

312 3862 367 3927 ‘ad
385 3863 509 3947 magnis
526 3864 664 3929 vicinum
683 3864 838 3932 Sardibus
856 3889 992 3948 amnem,

306 3969 382 4032 gum
405 3950 509 4015 nitens
530 3948 711 4016 labentibus
728 3950 842 4015 obvius
859 3952 953 4019 undis

189 4111 203 4121 .
303 4056 346 4111 m,
364 4034 465 4101 donec
481 4034 590 4109 venias
608 4036 649 4101 ad
665 4035 803 4102 fluminis
821 4048 918 4106 ortus.
