2800 4500
243 306 244 309 ‘
279 284 647 364 amrauoarnosnou
663 305 737 362 ana.
756 306 821 364 vn.
840 306 983 363 aas-525.
1079 273 1139 360 ’117

119 441 223 500 ‘arma
238 433 329 499 iuves
346 453 401 496 oro
418 452 476 518 pro
493 440 591 516 gnato
608 439 749 517 sumpta,
767 429 903 516 piaeque

141 543 192 585 ars
209 519 252 584 sis
269 516 413 583 militiae:
431 515 553 582 tumulo
570 515 688 581 solacia
704 515 821 601 posco?

118 543 194 670 huic
211 604 390 689 Asopiades
409 601 504 688 ‘petis
521 600 623 666 irrita'
641 600 721 665 dixit
738 606 785 667 ‘et
800 598 873 665 urbi

118 688 346 756 nonfacienda
362 698 462 752 meae.
505 707 609 770 neque
626 686 711 752 enim
728 685 923 751 coniunctior
939 686 1005 751 ulla
1157 706 1208 757 485

120 773 305 861 Cecropidis
323 774 383 838 hac
400 783 448 837 est
464 772 572 837 tellus:
591 794 629 837 ea
646 771 776 837 foedera
790 770 903 837 nobis.’

118 860 217 926 tristis
234 859 301 925 abit
319 857 539 940 ‘stabunt'que
557 857 629 922 ‘tibi
646 867 702 921 tua
720 856 849 923 foedera
865 855 997 942 maguo'

119 945 213 1022 dixit,
232 960 265 1011 et
281 944 389 1009 utilius
406 943 524 1008 bellum
542 952 634 1028 putat
651 964 720 1008 esse
737 942 860 1019 minari,

118 1053 215 1115 quam
231 1052 342 1116 gerere
359 1039 455 1111 atque
471 1050 546 1093 suas
562 1028 607 1092 ihi
624 1048 886 1114 praeconsumere
903 1027 995 1092 vires.
1057 1054 1060 1059 >
1157 1048 1207 1098 48⁰

87 1115 89 1118 ’
126 1176 129 1181 .
163 1113 284 1181 Classis
301 1114 343 1180 ab
361 1111 515 1199 Oenopiis
532 1114 706 1179 etiamnum
722 1111 840 1199 Lyctia
856 1113 954 1176 muris
1048 1111 1152 1192 Awqw
1163 1121 1187 1164 er

118 1201 255 1287 spectari
272 1209 409 1287 poterat,
428 1221 502 1264 cum
518 1199 613 1285 pleno
631 1198 755 1264 concita
772 1198 849 1278 velo
1025 1180 1208 1248 Mirmm·

118 1287 228 1352 Attica
267 1309 289 1350 u
311 1285 361 1371 pis
379 1284 469 1349 adest
484 1283 520 1348 in
536 1294 708 1370 portusque
725 1283 821 1348 intrat
838 1283 965 1361 amicos,

118 1392 201 1455 quae
251 1308 400 1456 ephalum
413 1368 600 1469 patriaeque
618 1368 712 1434 simul
729 1369 879 1434 mandata
896 1368 1028 1435 ferebat.

117 1456 282 1522 Aeacidae
297 1457 394 1541 longo
411 1476 542 1520 ruvenes
560 1465 631 1540 post
648 1464 790 1541 ternpore
808 1455 911 1519 visum

118 1562 277 1628 agnovere
294 1552 402 1606 tamen
419 1537 599 1626 Cephalum
616 1538 806 1623 dextrasque
825 1539 940 1606 dedere

117 1627 214 1711 inque
231 1625 330 1713 patris
348 1626 466 1691 duxere
483 1624 623 1689 domum.
667 1624 847 1711 spectabilis
865 1625 958 1690 heros

119 1724 150 1777 et
167 1711 283 1779 veteris
300 1711 437 1776 retinens
455 1710 629 1776 etiamnum
645 1709 781 1796 pignora
796 1710 918 1775 formae

117 1797 306 1883 ingreditur,
323 1817 510 1879 ramumque
527 1805 638 1877 tenens
655 1795 817 1881 popularis
835 1795 937 1861 olivae
1020 1850 1023 1859 .

118 1907 138 1948 a
156 1884 267 1948 dextra
283 1883 437 1965 laevaque
455 1881 534 1946 duos
553 1890 656 1946 aetate
672 1882 809 1946 minores

117 1969 218 2032 maior
234 1967 346 2044 habet,
364 1965 482 2051 Clyton
500 1976 532 2031 et
547 1966 666 2043 Buten,
682 1965 829 2031 Pallante
847 1977 977 2031 creatos.

142 2065 289 2137 ostquam
307 2072 495 2137 congressus
511 2050 604 2136 primi
622 2073 681 2115 sua
697 2051 796 2117 verba
813 2050 961 2126 tulerunt,

118 2076 315 2224 hecropidae
334 2134 496 2222 Cephalus
513 2136 637 2222 peragit
653 2137 803 2201 mandata
819 2147 974 2222 rogatque

118 2224 285 2301 auxilium,
303 2223 480 2306 foedusque
496 2221 593 2288 refert
610 2233 643 2287 et
659 2221 730 2287 iura
746 2231 922 2308 parentum,

116 2309 347 2395 imperiumque
365 2309 430 2394 peti
446 2307 542 2373 totius
561 2307 724 2373 Achaidos
741 2308 839 2373 addit.

118 2395 165 2461 sic
181 2394 238 2460 ubi
254 2395 437 2459 mandatam
454 2392 535 2457 iuvit
551 2393 701 2458 facundia
719 2415 858 2470 causam,

117 2481 261 2556 Aeacus,
279 2480 313 2544 in
329 2480 443 2564 capulo
460 2479 575 2563 sceptri
591 2480 712 2545 nitente
729 2479 864 2556 sinistra,

118 2572 173 2631 ‘ne
189 2565 287 2651 petite
305 2565 472 2641 auxilium,
490 2563 546 2630 sed
564 2564 699 2641 sumite,'
718 2564 796 2630 dixit
814 2564 986 2630 ‘Athenaez

116 2673 177 2718 nec
195 2650 291 2715 dubie
309 2650 406 2725 vires,
424 2671 504 2733 quas
521 2649 601 2715 haec
618 2649 715 2714 habet
731 2650 849 2727 insula,
866 2663 987 2715 vestras

118 2735 239 2813 ducite3
257 2745 289 2801 et
306 2735 412 2800 omnia
429 2756 511 2818 quae
528 2757 634 2800 rerum
652 2746 753 2799 status
770 2734 830 2800 iste
848 2758 1000 2800 mearum.
1011 2782 1019 2800 .
1029 2781 1058 2801 ..

116 2822 233 2887 robora
250 2842 313 2885 non
331 2821 459 2885 desunt:
478 2832 606 2905 superat
623 2820 701 2884 mihi
718 2820 808 2886 miles
826 2831 857 2885 et
873 2820 990 2885 hostes.

117 2906 222 2993 gratia
238 2906 302 2983 dis,
320 2905 398 2972 felix
415 2916 447 2970 et
462 2904 678 2969 inexcusabile
696 2905 840 2990 tempus.'

118 2992 231 3056 ‘immo
248 2991 294 3056 ita
310 2991 370 3068 sit‚'
390 2987 551 3074 Cephalus
571 2996 707 3054 ‘crescat
724 3000 780 3054 tua
796 2990 933 3065 civibus,
951 3002 1037 3075 opto,
1058 3027 1060 3034 ,

116 3076 208 3141 urbs'
227 3076 280 3140 ait.
325 3076 510 3141 ‘adveniens
528 3074 676 3158 equidem
693 3075 788 3139 modo
805 3075 923 3160 gaudia
940 3076 1021 3160 cepi,

118 3184 191 3227 cum
209 3172 275 3226 tam
292 3161 424 3248 pulchra
441 3159 532 3237 mihi,
550 3171 616 3224 tam
633 3182 692 3244 par
709 3171 813 3224 aetate
830 3160 978 3225 iuventus

117 3247 212 3312 obvia
228 3245 390 3333 processit.
434 3245 550 3310 multos
568 3256 675 3310 tamen
691 3244 766 3310 inde
782 3245 918 3329 requiro,

117 3353 204 3415 quos
215 3331 376 3416 quondam
393 3331 459 3395 vidi
476 3342 581 3395 vestra
598 3329 685 3415 prius
702 3330 782 3394 urbe
799 3328 965 3415 receptus!

116 3418 247 3482 Aeacus
264 3415 433 3502 ingemuit,
452 3416 595 3498 tristique
612 3415 657 3479 ita
673 3436 752 3480 voce
769 3416 909 3481 locutus:

117 3503 236 3569 ‘flebile
253 3500 443 3602 principium
460 3500 570 3565 melior
587 3501 714 3564 fortuna
731 3512 840 3565 secuta
857 3511 915 3567 est.

115 3588 200 3652 hanc
216 3599 338 3651 utmam
355 3606 481 3672 possem
498 3585 589 3650 vobis
607 3608 782 3650 memorare
800 3586 867 3650 sine
883 3584 952 3650 illol

116 3673 227 3739 ordine
242 3693 328 3736 nunc
345 3682 496 3756 repetam.
539 3692 603 3735 neu
619 3671 717 3755 longa
734 3670 869 3757 ambage
886 3691 991 3735 morer
1007 3691 1078 3735 vos:
1156 3691 1207 3740 520

116 3780 189 3824 ossa
206 3757 348 3839 cinisque
364 3756 483 3832 iacent,
501 3755 633 3821 memori
650 3776 731 3838 quos
749 3768 855 3821 mente
872 3755 1015 3839 requiris.

116 3854 148 3908 et
166 3856 263 3926 quota
279 3863 353 3927 pars
370 3841 416 3905 illi
433 3862 538 3905 rerum
555 3841 677 3926 periere
695 3839 852 3906 mearuml

116 3928 186 3992 dira
201 3927 271 3992 lues
287 3927 335 3990 ira
352 3925 478 4011 populis
495 3926 627 3990 Iunonis
645 3925 774 4010 iniquae
877 3928 879 3934 ’

114 4012 240 4089 incidit,
258 4033 372 4077 exosae
390 4011 490 4077 dictas
509 4034 529 4075 a
546 4011 666 4097 paelice
683 4021 793 4076 terras.

114 4097 192 4164 dum
209 4096 313 4164 visum
329 4097 461 4166 mortale
479 4097 613 4177 malum,
631 4106 801 4185 tantaeque
818 4096 937 4166 latebat
1017 4130 1019 4134 ·
