2800 4500
199 356 213 379 ὁ
248 259 312 329 252
582 273 615 330 Ρ.
633 272 759 332 OVIDII
775 271 939 330 NASONIS

248 409 295 476 et,
313 420 396 482 quae
414 395 593 484 dempsistis
610 396 710 474 vitae,
729 397 802 462 date
819 406 963 483 tempora
979 395 1115 463 famae.''

249 483 337 548 dixit.
381 494 414 548 et
430 483 471 548 ad
488 494 595 569 postes
613 493 742 547 ornatos
759 504 813 548 sae
836 505 854 548 0
872 482 994 548 coronis

247 579 390 634 umentes
409 569 517 634 oculos
534 579 566 633 et
584 568 702 654 pallida
718 567 813 633 braoc
837 568 1007 646 atellana,
1059 634 1064 649 ,

180 674 230 725 705
248 677 321 720 cum
337 653 458 720 foribus
475 654 582 738 laquei
598 653 748 739 religaret
763 653 890 719 vincrrh
907 652 1049 730 summis,

247 740 353 806 “haec
369 738 428 804 tibi
444 749 529 806 serta
545 739 684 824 placent,
702 738 839 804 crudelis
857 750 889 804 et
905 738 1046 824 impia?''
1065 737 1144 804 dixit

246 824 441 909 inseruitque
458 837 568 910 caput,
586 825 729 890 sedtum
745 845 873 908 quoque
890 846 1001 891 versus
1018 825 1060 889 ad
1076 825 1173 902 illam,

248 922 344 995 atque
360 947 405 958 —
421 932 502 976 onus
519 909 630 977 infelix
646 945 690 957 -
706 909 784 976 elisa
800 910 894 975 fauce
911 910 1071 996 pependit.

247 996 311 1061 icta
327 996 446 1082 pedum
462 1006 551 1060 motu
559 994 778 1082 [trepidantem
796 1006 828 1060 07
845 997 946 1061 multa
965 999 1128 1062 timentem

182 1100 231 1152 740
249 1081 317 1147 visa
335 1081 458 1146 dedisse
475 1076 595 1164 sonum]
607 1092 654 1146 007
671 1080 886 1165 adapertaque
902 1080 999 1146 ianua
1014 1081 1136 1145 factum

246 1166 394 1252 prodidit.
439 1166 617 1233 exclamant
633 1166 759 1243 famuli,
777 1166 957 1250 frustraque
974 1168 1114 1232 levatum
1131 1200 1175 1212 -

247 1275 323 1317 nam
338 1262 431 1353 pater
446 1251 606 1316 occiderat
621 1287 665 1298 —
680 1251 823 1316 referunt
840 1252 882 1316 ad
897 1251 1008 1316 limina
1023 1251 1143 1316 matria.

247 1337 362 1423 accipit
377 1336 433 1401 illa
450 1337 536 1416 sinu,
554 1336 783 1422 complexaque
799 1337 917 1421 frigida
933 1338 1000 1402 nati

248 1422 392 1488 membra
409 1422 472 1498 sui,
489 1433 659 1507 postquam
675 1422 863 1489 miserorum
880 1422 979 1488 verba
994 1433 1161 1507 parentum

181 1527 230 1578 745
250 1508 348 1574 edidit
365 1520 397 1573 et
414 1518 551 1573 matrum
568 1508 755 1573 miserarum
772 1508 858 1574 facta
874 1508 1008 1594 peregit,

247 1594 361 1659 funera
379 1592 515 1659 ducebat
531 1593 669 1658 mediam
686 1592 853 1658 lacrimosa
869 1615 927 1678 per
943 1594 1056 1659 urbem

147 1678 151 1689 ⁴
246 1679 413 1762 luridaque
430 1700 540 1745 arsuro
557 1679 706 1763 portabat
722 1678 866 1744 membra
882 1678 1008 1744 feretro.

195 1787 197 1791 ·
247 1765 330 1829 forte
347 1765 419 1829 viae
435 1763 540 1828 vicina
557 1764 685 1840 domus,
704 1785 769 1848 qua
785 1763 899 1829 flebilia
916 1764 984 1829 ibat

247 1872 380 1936 pompa,
397 1848 472 1926 fuit,
492 1849 653 1933 duraeque
670 1870 767 1914 sonus
784 1849 946 1935 plangoris
963 1850 1003 1916 ad
1022 1872 1115 1915 auree

180 1954 230 2004 750
248 1935 336 2000 venit
352 1935 566 2011 Anaxaretes,
585 1956 680 2018 quarn
697 1933 762 1998 iam
780 1935 859 2000 deus
875 1935 959 2000 ultor
1019 1935 1102 2001 ebat.

247 2030 334 2086 mota
350 2030 457 2086 tamen
475 2020 688 2086 “videamus''
707 2020 751 2084 ait
769 2020 973 2086 “miserabile
1048 2020 1117 2099 us,’'

248 2117 280 2172 et
296 2106 412 2192 patulis
429 2106 499 2171 iniit
516 2117 635 2172 tectum
653 2105 789 2175 sublime
806 2105 963 2171 fenestris.

247 2192 365 2278 vixque
382 2191 464 2260 bene
480 2191 663 2278 impositum
679 2193 762 2257 lecto
779 2202 984 2278 prospexerat
1000 2190 1110 2278 Iphin:

248 2278 414 2364 deriguere
432 2278 530 2356 oculi,
548 2278 733 2362 calidusque
750 2299 769 2342 e
786 2299 917 2363 corpore
934 2279 1064 2364 sanguia

180 2381 230 2431 755
248 2363 377 2429 inducto
395 2363 514 2448 pallore
531 2362 629 2448 fugit3
647 2373 825 2447 conataque
841 2374 925 2429 retro

249 2449 331 2513 ferre
348 2449 445 2533 pedes
462 2448 576 2513 haesit:
595 2458 709 2513 conata
726 2459 868 2514 avertere
885 2449 992 2514 vultus

248 2533 309 2597 hoc
326 2543 453 2615 quoque
470 2554 535 2597 non
551 2532 663 2618 potnit.
707 2532 924 2618 paulatimque
942 2545 1076 2620 occupat
1094 2545 1192 2612 artus,

248 2618 335 2702 quod
352 2617 412 2683 fuit
429 2617 462 2681 in
479 2618 559 2683 duro
576 2617 640 2682 iam
657 2618 782 2703 pridem
799 2631 940 2704 pectore,
958 2642 1081 2684 saxum.

249 2725 329 2768 neve
347 2725 385 2768 ea
401 2703 476 2768 ficta
515 2714 599 2780 utes,
618 2703 767 2769 dominae
784 2705 844 2769 sub
861 2704 1001 2790 imagine
1018 2706 1146 2805 signum

181 2807 231 2858 700
249 2799 354 2854 servat
371 2787 475 2853 adhuc
492 2726 645 2867 §alamim
667 2789 803 2856 Veneris
820 2812 948 2874 quoque
970 2813 1098 2856 nomme
1119 2790 1278 2876 templum

248 2873 476 2959 Prospicientis
492 2873 600 2940 habet.
642 2895 778 2958 quorum
795 2897 926 2953 memor,
944 2897 964 2940 0
981 2899 1068 2953 mea,
1085 2876 1188 2942 100700

248 2981 347 3045 pone,
364 2980 486 3044 precor,
504 2959 606 3024 fastus
624 2971 656 3025 07
673 2961 792 3025 amanti
810 2961 956 3046 iungere,
972 2960 1124 3047 nympha

249 3045 295 3110 sic
313 3044 370 3109 tibi
387 3065 447 3109 nec
464 3067 597 3109 vernum
615 3045 778 3110 nascentia
794 3046 897 3131 frigus
914 3047 1028 3111 adurat

248 3151 358 3216 poma,
375 3151 435 3194 nec
453 3130 615 3195 excutiant
631 3130 733 3216 rapidi
750 3131 895 3196 florentia
911 3131 1017 3197 venti?

181 3235 229 3284 705
289 3216 382 3280 Ηο00
398 3214 455 3278 ubi
471 3215 664 3298 nequiquam
681 3216 784 3281 forma
802 3216 881 3282 deus
899 3229 993 3303 aptus
1010 3219 1086 3285 anili

249 3300 360 3376 edidit,
378 3300 411 3364 in
428 3299 575 3365 iuvenem
592 3301 685 3365 rediit
704 3313 735 3366 et
753 3301 848 3366 anilia
865 3301 963 3367 demit

248 3385 456 3450 instrumenta
473 3384 534 3449 sibi
551 3385 686 3467 talisque
704 3386 851 3486 apparuit
867 3386 922 3464 illi,

248 3470 352 3555 qualis
369 3471 425 3534 ubi
443 3470 603 3556 oppositas
621 3471 810 3535 nitidissima
827 3471 902 3536 solis
919 3473 1026 3558 imago

249 3556 343 3621 evicit
360 3557 462 3621 nubes
479 3556 630 3638 nullaque
648 3556 793 3621 obstante
810 3556 935 3622 reluxit.

182 3661 232 3710 770
250 3640 378 3725 vimque
395 3651 501 3741 parat:
520 3640 577 3705 sed
593 3640 627 3705 vi
643 3662 709 3705 non
726 3651 775 3705 est
791 3663 886 3726 opus,
903 3642 1000 3726 inque
1017 3643 1121 3729 figura

250 3748 287 3790 ca
311 3738 344 3790 ta
361 3726 413 3790 der
429 3727 570 3811 nymphe
588 3736 635 3791 007
653 3737 685 3791 07
701 3739 813 3797 mutua
831 3728 962 3793 vulnera
979 3729 1086 3794 000οἰ7.

323 3810 463 3875 roximus
481 3810 643 3876 Ausonias
660 3809 769 3876 iniusti
785 3811 876 3876 miles
893 3813 1005 3877 Amuli
1137 3829 1278 3888 Romulus,

250 3894 332 3958 rexit
348 3915 439 3979 opes:
459 3895 669 3978 Numitorque
686 3917 784 3961 senex
801 3897 917 3962 amissa
934 3909 1086 3983 nepotum

251 3999 383 4043 munere
399 4000 500 4062 regna
517 3979 616 4064 capit:
634 3981 788 4064 festisque
805 3980 961 4047 Palilibus
978 3983 1066 4048 urhis

184 4080 233 4131 775
251 4061 377 4129 moenia
396 4063 585 4132 conduntur.
628 4064 805 4156 Tatiusque
821 4079 988 4159 patresque
1006 4066 1120 4139 Sabini
