2800 4500
240 227 280 295 18
428 243 440 250 “’
568 239 602 295 Ρ.
621 238 746 298 OVIDlI
762 236 925 297 NASONIS

239 367 338 451 fitque
355 365 442 449 quod
459 374 532 430 ante
548 362 618 428 fuit
662 363 790 449 fugiunt
807 386 825 429 e
843 385 973 450 corpore
991 372 1110 441 saetam

240 474 358 518 cornua
376 451 576 526 decrescunt,
593 449 630 513 fit
647 448 775 515 luminis
793 449 889 513 artior
905 448 1001 525 orbis,
1067 506 1069 508 ,
1125 449 1136 471 ’

173 559 222 609 740
240 537 434 603 contrahitur
449 536 562 611 rictus,
580 534 715 599 redeunt
731 534 895 617 umerique
911 553 1098 616 manusque,

239 624 422 709 ungulaque
438 621 472 685 in
489 620 602 704 quinos
620 619 744 704 dilapsa
760 619 936 683 absumitur
953 640 1088 703 ungues.

240 710 280 773 de
298 708 379 772 bove
396 707 440 770 nil
457 716 615 791 superest,
632 705 754 769 formae
771 704 832 768 nisi
849 704 975 779 candor,
992 703 1026 767 in
1042 703 1106 768 illa.

240 793 408 875 officioque
425 792 544 876 pedum
560 790 700 875 nymphe
718 800 864 854 contenta
881 790 1017 854 duorum

240 878 371 964 erigitur
376 902 386 955 ;
403 877 578 958 metuitque
595 876 696 958 loqui,
714 897 754 939 ne
771 896 859 939 more
875 873 1028 939 iuvencae

174 986 222 1035 745
239 964 376 1049 mugiat,
394 973 427 1026 et
443 961 552 1026 timide
569 960 668 1024 verba
683 960 862 1025 intermissa
877 969 1055 1044 retemptat.

239 1071 326 1116 nuno
343 1048 403 1113 dea
418 1046 553 1132 linigera
569 1046 682 1111 colitur
698 1045 903 1110 celeberrima
919 1045 1022 1109 turba.

281 1132 535 1218 NuncEpaphus
548 1131 657 1216 magni
669 1130 796 1216 genitus
805 1131 845 1195 de
859 1131 977 1194 semine
990 1128 1119 1194 tandem
1135 1127 1261 1213 Epaphus

242 1221 379 1286 creditur
397 1241 465 1283 esse
482 1217 579 1293 Iovis,
597 1236 718 1300 perque
734 1216 829 1280 urbes
846 1215 956 1280 iuncta
971 1215 1094 1301 parenti
1136 1198 1261 1316 “ff‘'

242 1304 361 1390 templa
377 1313 473 1367 tenet.
516 1301 577 1368 fuit
594 1300 667 1365 huic
684 1301 797 1365 animis
815 1301 955 1385 aequalis
973 1311 1005 1365 et
1021 1299 1112 1364 annis
1205 1282 1232 1316 '²'

175 1411 226 1461 750
244 1390 319 1457 Sole
337 1400 424 1453 satus
441 1388 622 1452 Phaethon:
641 1408 736 1470 quem
754 1386 914 1470 quondam
930 1408 1049 1471 magna
1063 1386 1257 1468 loquentem·

241 1497 301 1540 nec
319 1474 379 1539 sibi
396 1473 560 1537 cedentem
576 1472 772 1555 Phoeboque
789 1482 920 1557 parente
937 1471 1110 1556 superbum

243 1582 308 1626 non
324 1560 397 1623 tulit
413 1557 596 1634 Inachides,
615 1558 799 1639 ‘matri'que
816 1557 861 1622 ait
878 1556 999 1621 ‘omnia
1015 1556 1144 1621 demens
1255 1585 1258 1589 *

244 1645 345 1712 credis
362 1654 395 1709 et
411 1667 445 1709 es
463 1643 603 1707 tumidus
620 1642 771 1727 genitoris
787 1642 926 1728 imagine
942 1641 1034 1707 falsi?
1254 1660 1259 1671 ¹

244 1730 370 1797 erubuit
385 1729 552 1794 Phaethon
569 1728 713 1811 iramque
751 1729 851 1793 udcre
867 1728 1017 1813 repressit

179 1837 228 1885 755
247 1828 279 1883 et
295 1815 366 1880 tulit
384 1815 425 1878 ad
444 1811 620 1899 Clymenen
637 1811 731 1899 Epap
755 1813 763 1829 '
782 1813 926 1878 convicia
942 1823 1088 1877 matremt

244 1901 399 1984 ‘quo'que
417 1898 533 1984 ‘magis
552 1899 672 1976 doleas,
690 1899 864 1984 genetrix'z
883 1898 927 1963 ait
944 1899 1011 1962 ‘ille
1028 1918 1089 1983 ego
1106 1896 1194 1972 liber,

243 1987 296 2052 ille
314 1985 515 2050 feroxtacui.
559 1985 657 2069 pudet
674 1983 754 2049 haec
771 1984 941 2070 opprobria
957 1982 1048 2048 nobis

245 2083 277 2137 et
294 2071 356 2136 dici
373 2069 513 2155 potuisse
531 2080 563 2134 et
579 2092 642 2134 non
683 2070 801 2134 otuisse
817 2069 929 2135 refelli.
1156 2072 1158 2075 ’

245 2168 278 2221 at
294 2168 344 2232 tu,
362 2157 389 2220 si
406 2154 500 2219 modo
517 2178 588 2219 sum
606 2092 734 2221 caelesti
751 2156 849 2241 stirpe
866 2164 1001 2230 creatus,

178 2265 227 2314 760
245 2242 303 2309 ede
320 2253 427 2308 notam
444 2240 525 2307 tanti
541 2240 666 2326 generis
684 2263 799 2324 meque
816 2264 921 2307 assere
939 2237 1056 2306 caelol'

245 2328 325 2393 dixit
342 2339 373 2393 et
390 2326 545 2412 implicuit
562 2337 704 2391 materno
721 2326 869 2391 bracchia
885 2327 975 2401 collo,

243 2434 363 2500 perque
381 2434 473 2478 suum
490 2411 695 2496 Meropisque
714 2422 809 2497 caput
825 2411 998 2494 taedasque
1015 2431 1167 2485 sororum,

244 2499 398 2573 traderet,
417 2495 532 2571 oravit,
549 2497 616 2560 veri
634 2496 694 2561 sibi
712 2497 804 2580 signa
820 2497 970 2581 parentis.

245 2583 445 2669 ambiguum,
465 2578 633 2665 Clymene,
650 2581 798 2666 precibus
815 2581 1023 2647 Phaethontis
1041 2604 1082 2645 an
1098 2580 1146 2644 ira

178 2691 227 2739 765
244 2680 332 2733 mota
348 2667 450 2752 magis
468 2665 544 2730 dicti
560 2666 621 2730 sibi
638 2666 791 2744 criminis,
809 2679 942 2750 utraque
960 2668 1048 2732 caelo

218 2831 222 2838 ι
245 2752 393 2818 bracchia
409 2751 549 2836 porrexit
566 2763 774 2836 spectansque
792 2753 833 2817 ad
850 2753 970 2817 lumina
987 2752 1062 2816 solis

246 2845 318 2923 ‘per
334 2837 425 2901 iubar
442 2836 518 2900 hoc'
536 2836 639 2919 inquit
656 2837 766 2901 ‘radiis
784 2838 907 2924 insigne
924 2837 1073 2913 coruscis,

245 2933 334 2999 nate,
352 2922 408 2986 tibi
425 2921 506 2997 iuro,
525 2922 611 3004 quod
627 2944 685 2986 nos
704 2923 853 3006 auditque
871 2923 1030 3006 videtque,

246 3008 307 3072 hoc
324 3019 371 3083 te,
388 3028 483 3090 quem
501 3016 638 3092 spectas,
656 3007 718 3072 hoe
735 3020 779 3084 te,
798 3009 853 3091 qui
870 3019 1025 3093 temperat
1042 3007 1161 3083 orbem,

179 3114 229 3163 770
247 3092 322 3159 Sole
340 3103 453 3156 satum.
489 3093 515 3155 si
532 3092 606 3157 fieta
622 3094 745 3176 loquor,
763 3106 859 3178 neget
876 3095 944 3178 ipse
961 3094 1135 3159 videndum

246 3201 280 3242 se
296 3176 388 3252 mihi,
407 3177 509 3259 sitque
528 3178 627 3241 oeulis
644 3179 699 3241 lux
717 3178 778 3242 ista
794 3179 966 3243 novissima
981 3177 1107 3243 nostris.

244 3285 304 3328 nec
322 3263 435 3347 longus
453 3262 571 3347 patrios
589 3263 679 3327 labor
696 3276 743 3327 est
761 3264 817 3327 tibi
835 3286 927 3328 nosse
945 3264 1097 3330 Penates:

244 3350 328 3413 unde
346 3348 453 3424 oritur,
472 3348 584 3412 domus
602 3359 650 3412 est
667 3360 768 3413 terrae
786 3350 980 3415 contermina
995 3361 1130 3414 nostrae.

246 3433 383 3496 simodo
401 3432 462 3496 fert
479 3432 618 3506 animus,
636 3434 783 3518 gradere,
802 3446 834 3498 et
851 3434 1004 3500 scitabere
1022 3434 1063 3497 ab
1080 3431 1170 3517 ipso.'
1264 3473 1266 3477 =

179 3539 226 3586 775
246 3519 358 3582 emicat
376 3519 533 3602 extemplo
551 3515 652 3582 laetus
668 3531 742 3603 post
758 3520 835 3586 talia
851 3520 959 3584 matris

245 3603 329 3666 dicta
346 3624 422 3666 suae
439 3602 607 3668 Phaethon
625 3615 657 3667 et
674 3604 811 3688 concipit
828 3604 956 3669 aethera
973 3615 1088 3678 mente,

244 3686 483 3770 Aethiopasque
501 3709 576 3752 suos
592 3688 774 3772 positosque
792 3688 853 3753 sub
869 3689 996 3774 ignibus
1013 3690 1110 3753 Indos

245 3772 374 3837 sidereis
392 3771 503 3836 transit
519 3773 700 3857 patriosque
719 3774 785 3837 adit
801 3774 936 3859 impiger
953 3787 1050 3839 ortus.
