2800 4500
330 292 696 367 rmrsuomsossou
712 304 785 367 nra.
804 304 979 368 vm1-as.
1100 288 1163 362 107

144 431 171 498 si
187 432 292 500 facere
310 433 372 500 hoc
389 431 523 499 aliamve
539 444 644 521 potest
660 455 854 520 praeponere
870 433 973 512 nobis,

143 519 267 585 occidat
283 518 315 583 in
375 531 436 585 tus.
480 520 537 585 sed
552 542 617 585 non
633 519 661 584 is
679 520 787 585 vultus
803 519 836 584 in
852 519 917 597 illo,

143 628 208 670 non
226 627 264 671 ea
280 626 322 670 no
345 605 428 670 ilitas
446 604 552 669 animo
568 615 631 682 est,
648 628 688 670 ea
743 605 808 670 atia
823 604 955 684 formae,

143 701 179 755 ut
196 691 325 755 timeam
341 690 488 756 fraudem
504 689 670 774 meritique
688 712 708 754 o
731 689 806 755 livia
822 690 931 755 nostri.
1180 709 1214 760 45

144 787 175 842 et
192 775 281 840 dabit
298 788 372 842 ante
388 776 499 852 fidem,
516 797 693 862 cogamque
710 775 744 841 in
760 775 891 843 foedera
906 786 1003 841 testes

144 885 214 928 esse
231 861 317 935 deos.
381 861 437 926 uid
453 871 522 927 tuta
538 862 649 927 times?
674 861 765 927 acciu
788 884 850 937 ere,
868 872 900 928 et
916 882 1041 927 omnem

144 947 227 1032 pelle
243 881 381 1011 moraml
416 946 475 1011 tibi
492 968 526 1012 se
543 968 667 1048 semper
684 885 813 1012 debebit
829 947 934 1024 Iason,

145 1045 176 1097 te
193 1031 263 1098 face
281 1033 425 1098 sollemni
441 1032 553 1117 iunget
569 1031 643 1108 sib1‚
660 1053 782 1118 perque
798 1032 952 1118 Pelasgas

145 1118 299 1183 servatrix
316 1117 411 1183 urbes
428 1128 565 1182 matrum
583 1117 784 1183 celebrabere
801 1117 904 1182 turba.
919 1153 965 1165 —
1181 1136 1215 1187 50

145 1225 222 1289 ergo
239 1226 300 1353 ego
316 1224 502 1289 germanam
518 1201 712 1286 fratremque
729 1213 915 1287 patremque
932 1203 1071 1287 deosque

145 1301 177 1354 et
193 1300 299 1355 natae
316 1289 418 1354 solum
435 1287 538 1354 ventis
554 1287 661 1353 ablata
676 1289 873 1372 relinquam?

143 1396 259 1460 nempe
276 1385 366 1459 pater
382 1396 510 1452 saevus,
527 1395 642 1459 nempe
659 1388 708 1439 est
724 1395 797 1440 mea
812 1373 948 1439 barbam
964 1373 1067 1452 tellus,

144 1460 243 1526 frater
259 1460 364 1525 adhuc
380 1459 495 1524 infans.
538 1469 623 1524 stant
639 1480 766 1525 mecum
782 1469 858 1525 vota
874 1459 1003 1524 sororist

145 1544 302 1610 maximus
318 1545 402 1610 intra
418 1567 470 1610 me
487 1544 566 1610 deus
584 1555 641 1610 est.
683 1566 749 1609 non
766 1567 885 1631 magna
899 1544 1088 1627 relinquam,
1181 1564 1214 1613 oc

143 1653 262 1731 magua
280 1652 408 1715 sequar:
426 1630 554 1695 titulum
571 1640 715 1696 servatae
726 1630 826 1780 pubis
844 1630 990 1696 Achivae

144 1717 351 1800 notitiamque
367 1716 429 1781 loci
447 1715 583 1781 melioris
601 1726 634 1782 et
650 1717 725 1801 oppi
748 1738 781 1793 a,
799 1736 935 1799 quorum

144 1800 198 1867 bic
214 1822 341 1886 quoque
357 1800 444 1866 fama
460 1801 561 1887 viget,
579 1802 747 1885 cultusque
764 1813 910 1885 artesque
926 1803 1084 1879 locorum3

145 1907 303 1971 quemque
321 1909 382 1972 ego
399 1908 472 1952 cum
489 1886 600 1963 rebus,
617 1907 697 1971 quaa
714 1896 800 1951 totus
816 1886 956 1972 possidet
972 1887 1068 1964 orbis,

144 1972 329 2038 Aesoniden
345 1983 485 2038 mutasse
502 1971 607 2038 velim.
650 1991 715 2054 quo
733 1972 868 2058 coniuge
884 1971 962 2038 felix
1182 1992 1216 2042 60

118 2058 121 2063 ’
145 2068 177 2122 et
194 2057 242 2122 dis
260 2080 334 2123 cara
350 2057 435 2124 ferar
451 2068 483 2123 et
499 2057 616 2123 vertice
633 2056 738 2122 sidera
754 2068 894 2143 tangam.
1222 2094 1225 2098 Δ

143 2143 222 2226 quid
238 2143 325 2228 quod
341 2143 449 2209 nescio
466 2142 521 2227 qui
539 2141 650 2209 mediis
668 2163 855 2208 concurrere
871 2143 905 2208 in
921 2141 1015 2208 undis

145 2228 293 2295 dicuntur
308 2239 445 2307 montes,
461 2227 646 2313 ratibusque
662 2227 790 2294 inimica
808 2225 988 2316 Charybdis

144 2337 230 2381 nunc
246 2314 374 2382 sorbere
390 2315 507 2381 fretum
523 2336 609 2379 nunc
624 2313 772 2393 reddere,
790 2314 954 2399 cinctaque
972 2315 1075 2380 saevis

145 2399 255 2486 Scylla
271 2424 371 2488 rapax
388 2400 519 2467 canibus
537 2399 647 2467 Siculo
663 2400 779 2466 latrare
795 2399 974 2485 profundo?
1181 2418 1214 2468 65

143 2508 259 2571 nempe
276 2497 387 2552 tenens
403 2485 491 2571 quod
507 2508 597 2587 amo,
613 2486 798 2588 gremioque
814 2486 848 2550 in
864 2485 988 2551 Iasonis
1006 2485 1139 2552 haerens

29 2605 33 2612 ·
143 2593 202 2657 per
217 2572 300 2639 freta
316 2573 413 2658 longa
428 2571 536 2637 ferar..
565 2570 644 2635 mhrl
660 2571 750 2636 rllum
768 2572 915 2673 amplexa
931 2571 1078 2650 verebor3

145 2668 214 2735 aut,
232 2657 259 2722 si
275 2657 352 2741 quid
369 2667 522 2733 metuam,
540 2666 680 2723 metuam
698 2657 739 2721 de
757 2678 892 2743 conruge
908 2657 986 2722 solo.

145 2742 367 2829 coniugiumue
384 2754 477 2828 putas
493 2742 699 2828 speciosaque
716 2742 846 2807 nomina
862 2742 974 2828 culpae

143 2827 293 2914 imponis,
311 2828 444 2905 Medea,
462 2828 555 2893 tuae?
580 2827 658 2911 quin
675 2827 797 2913 aspice,
815 2839 968 2912 quantum
1183 2850 1216 2900 7ο

144 2914 330 3014 aggrediare
346 2913 437 2978 nefas
455 2923 500 2990 et,
517 2912 594 2978 dum
611 2912 699 2989 licet,
719 2912 825 2998 effuge
843 2913 982 2979 crimen.'

144 2999 233 3063 drxit,
277 3009 309 3065 et
325 3010 398 3065 ante
416 2998 523 3064 oculos
540 3008 662 3064 rectum
678 2997 843 3082 pietasque
860 2998 1025 3083 pudorque

144 3084 361 3161 constiterant,
379 3094 412 3149 et
428 3084 513 3149 victa
530 3083 626 3148 dabat
642 3083 708 3147 iam
725 3093 773 3149 ter
795 3105 815 3147 a
832 3080 969 3168 Cupido.

185 3169 260 3235 lbat
277 3169 318 3233 ad
335 3168 481 3253 antiquas
498 3170 638 3235 Hecates
656 3105 825 3234 Perseidos
843 3190 923 3245 aras,

143 3275 223 3339 quas
239 3276 352 3320 nemus
369 3254 555 3320 umbrosum
571 3263 755 3337 secretaque
772 3253 852 3318 silva
868 3254 1007 3339 tegebat
1183 3276 1215 3326 75

144 3349 177 3405 et
191 3339 257 3404 iarn
273 3339 364 3417 fortis
382 3350 463 3417 erat,
481 3340 654 3425 pulsusque
671 3338 832 3405 resederat
849 3340 956 3404 ardor:

145 3447 218 3490 cum
235 3425 322 3491 videt
337 3424 535 3501 Aesoniden,
553 3425 754 3506 extinctaque
771 3424 900 3489 flamma
915 3424 1040 3490 reluxit.

144 3510 299 3577 erubuere
316 3532 433 3596 genae,
450 3520 580 3594 totoque
596 3509 761 3575 recanduit
778 3531 842 3587 ore,
978 3521 981 3526 '

143 3607 242 3679 utque
260 3596 340 3661 solet
356 3594 459 3660 ventis
476 3595 626 3660 alimenta
642 3616 817 3672 assumere,
835 3616 980 3679 quaeque

143 3703 243 3768 parva
260 3680 320 3761 sub
337 3679 467 3745 inducta
483 3680 575 3745 latuit
591 3679 728 3746 scintilla
743 3679 862 3758 favilla,

144 3787 285 3832 crescere
302 3777 335 3833 et
351 3766 385 3831 in
402 3775 524 3831 veteres
542 3765 662 3851 agitata
678 3786 844 3851 resurgere
861 3765 954 3843 vires,

145 3850 190 3915 sic
202 3851 267 3916 iarn
275 3853 380 3917 lentus
389 3872 488 3927 amor,
501 3851 565 3915 iam
582 3871 677 3934 quem
693 3850 847 3936 languere
864 3862 1002 3952 putares,

144 3946 181 4000 ut
197 3936 277 4002 vidit
292 3938 456 4013 iuvenem,
473 3935 577 4021 specie
593 3935 768 4021 praesentis
785 3935 904 4001 inarsrt.

145 4031 177 4086 et
194 4042 270 4086 casu
287 4022 378 4086 solito
395 4020 562 4086 formosior
577 4022 707 4086 Aesone
722 4030 816 4086 natus

145 4105 200 4174 illa
215 4106 287 4173 luce
304 4106 375 4172 fuit
397 4167 401 4173 .
418 4128 528 4193 posses
544 4105 708 4192 ignoscere
726 4106 854 4173 amanti.
