2800 4500
329 282 697 356 munnoapnoseon
713 297 787 352 nm.
805 298 841 356 v.
859 298 1004 355 ser-434.
1137 287 1179 353 83

178 432 345 507 erpetuum
363 433 493 487 vereat.
537 442 601 505 quo
619 421 696 484 dum
714 420 906 506 Proserpina
923 422 995 487 luco

155 443 236 572 ludit
252 517 284 572 et
301 517 357 571 aut
374 506 473 571 violas
491 519 546 570 aut
565 506 700 571 candida
717 506 782 570 lilia
800 507 910 592 carpit,

155 594 296 676 dumque
312 592 447 678 puellari
463 591 568 656 studio
586 592 791 675 calathosque
808 592 976 676 sinumque

154 677 264 763 implet
281 688 313 742 et
331 677 479 761 aequales
498 688 597 742 certat
614 700 763 761 superare
780 677 926 764 legendo,

154 785 256 849 paene
273 763 366 826 simul
384 763 454 827 visa
470 774 519 827 est
536 762 714 845 dilectaque
731 773 886 849 raptaque
903 762 988 827 Ditiz
1196 786 1246 836 395

155 849 354 932 usqueadeo
372 859 421 913 est
437 858 623 933 properatus
641 868 739 911 amor.
784 847 845 912 dea
863 849 971 912 territa
986 860 1109 915 maesto
1122 858 1135 919 ’,

155 946 187 998 et
203 943 338 998 matrem
354 943 386 998 et
402 933 547 1010 comites,
565 934 622 998 sed
639 943 773 999 matrem
790 933 932 1018 saepius,
949 954 1004 1000 ore
1111 982 1113 987 -

155 1020 280 1084 clamat.
323 1029 355 1083 et
371 1029 408 1083 ut
425 1041 550 1083 summa
567 1028 688 1083 vestem
704 1018 839 1083 laniarat
856 1018 897 1082 ab
915 1041 981 1096 ora,

155 1104 280 1169 collecti
296 1104 388 1168 flores
404 1104 519 1168 tunicis
537 1104 679 1169 cecidere
696 1103 845 1168 remissis.

154 1199 305 1273 tantaque
323 1188 506 1275 simplicitas
522 1189 696 1274 puerilibus
715 1188 818 1254 adfuit
834 1189 939 1254 annis:
1195 1213 1246 1261 400

155 1274 235 1339 haec
251 1295 378 1358 quoque
396 1275 574 1360 virgineum
589 1274 689 1338 movit
706 1273 828 1340 iactura
846 1274 997 1340 dolorem.

154 1371 262 1508 raptor
279 1358 346 1445 agit
363 1381 487 1437 currus,
506 1369 538 1424 et
554 1359 682 1424 nomine
698 1379 858 1442 quemque
876 1362 1019 1424 vocando

154 1469 194 1511 ex
217 1455 339 1510 ortatur
355 1466 466 1528 equos,
484 1467 620 1530 quorum
636 1467 694 1530 per
712 1445 794 1509 colla
809 1445 966 1530 iubasque

154 1530 273 1596 excutit
290 1530 426 1595 obscura
442 1530 556 1596 tinctas
574 1530 736 1616 ferrugine
753 1529 904 1596 habenas.

152 1637 272 1702 perque
288 1617 377 1681 lacus
395 1616 475 1680 altos
492 1626 524 1681 et
540 1615 657 1680 olentia
674 1615 825 1701 sulphure
842 1616 943 1681 fertur

153 1712 267 1787 stagna
283 1700 481 1777 Palicorum,
498 1711 593 1787 rupta
611 1701 767 1766 ferventia
783 1712 877 1778 terra,

152 1798 185 1852 et
202 1806 266 1871 qua
282 1785 499 1864 Bacchiadae,
516 1786 631 1850 bimari
647 1809 728 1872 gens
746 1798 815 1851 orta
833 1784 999 1864 Corintho,

151 1872 234 1938 inter
249 1871 433 1955 inaequales
473 1883 625 1937 cauerunt
640 1872 766 1936 moenia
783 1883 903 1957 portus.

194 1957 255 2022 Est
271 1958 412 2022 medium
430 1895 558 2042 Cbaues
573 1968 608 2023 et
623 1956 759 2022 Pisaeae
776 1956 968 2033 Arethusae,
1128 1977 1245 2045 (spone.)

151 2044 238 2128 quod
255 2043 319 2108 coit
335 2043 479 2128 angustis
496 2043 654 2107 inclusum
672 2042 821 2106 cornibus
838 2063 967 2126 aequor.
1193 2068 1245 2116 410

152 2128 205 2193 hic
222 2128 297 2205 fuit,
316 2152 335 2192 a
353 2130 443 2193 cuius
461 2141 610 2213 stagnum
628 2149 755 2211 quoque
772 2127 899 2193 nomine
917 2128 1112 2208 dictumest,

150 2214 234 2280 inter
251 2212 405 2281 Sicelidas
424 2211 536 2299 Cyane
553 2213 759 2279 celeberrima
775 2214 949 2315 nympham

151 2300 279 2386 gurgite
296 2321 378 2384 quae
395 2301 500 2365 medio
518 2311 642 2364 summa
658 2311 751 2365 tenus
770 2299 872 2365 extit1t
890 2300 962 2364 alvo

151 2385 343 2471 agnovitque
360 2384 462 2451 deam.
506 2392 601 2450 “‘nec
618 2385 744 2471 longius
761 2384 882 2450 ibitis’''
900 2385 1016 2470 inquit:

151 2478 252 2536 “‘non
267 2481 359 2556 potes
375 2470 493 2536 invitae
511 2468 638 2536 Cereris
655 2493 851 2556 generasse.
894 2471 1047 2556 roganda,

149 2579 214 2622 non
230 2556 383 2642 rapienda
399 2557 470 2621 fuit.
514 2556 628 2639 quodsi
646 2577 835 2642 componere
853 2557 978 2641 magmis

149 2665 249 2729 parva
265 2641 343 2706 mihi
360 2641 410 2706 fas
428 2652 490 2718 cst,
509 2655 541 2706 et
558 2664 609 2706 me
627 2642 738 2706 dilexit
754 2642 894 2726 Anapis:

150 2737 281 2792 exorata
298 2738 420 2803 tamen,
437 2749 512 2802 nec,
530 2737 567 2791 ut
584 2727 677 2803 haec,
696 2728 846 2792 exterrita
862 2725 999 2812 nupsi.”’

150 2813 244 2888 dixit,
262 2824 294 2878 ct
310 2812 346 2877 in-
360 2823 466 2898 partes
484 2813 625 2877 diversas
642 2811 791 2877 bracchia
807 2812 940 2877 tendens

150 2897 281 2963 obstitit.
324 2897 411 2963 haud
427 2899 512 2962 ultra
528 2898 629 2963 tenuit
647 2897 815 2963 Saturnius
833 2898 923 2973 iram,

149 2982 368 3068 terribilesque
385 2983 527 3048 hortatus
546 3004 645 3065 equos
662 2983 696 3047 in
713 2983 849 3068 gurgitis
866 2983 932 3046 ima

151 3078 331 3134 contortum
349 3069 454 3133 valido
473 3080 633 3154 sceptrum
649 3067 757 3151 regale
775 3068 893 3132 lacerto

149 3153 299 3219 condidit.
342 3154 406 3218 icta
423 3154 508 3219 viam
526 3155 619 3219 tellus
636 3153 669 3216 in
687 3153 823 3219 Tartara
839 3153 916 3218 fecit

149 3250 182 3304 et
197 3260 314 3324 pronos
332 3261 443 3304 currus
460 3238 564 3305 medio
583 3249 704 3303 cratere
720 3239 849 3324 recepit.

149 3335 183 3388 at
201 3321 313 3409 Cyane
330 3336 517 3409 raptamque
535 3325 628 3389 deam
646 3334 889 3409 contemptaque
907 3323 1003 3389 fontia

148 3410 219 3474 iura
236 3409 285 3473 sui
301 3431 461 3486 maerens,
477 3409 704 3474 inconsolabile
722 3411 838 3473 vulnus

148 3505 253 3560 mente
270 3493 353 3579 gerit
369 3495 465 3559 tacita
481 3495 682 3578 lacrimisque
700 3494 879 3559 absumitur
895 3494 1011 3559 omnis:

149 3590 181 3644 ct
199 3600 335 3663 quarum
351 3578 456 3644 fuerat
473 3603 625 3667 magnum
645 3580 740 3643 modo
756 3601 890 3655 numen,
907 3578 941 3642 in
957 3579 1028 3645 illas

148 3675 339 3729 extenuatur
354 3686 464 3748 aquas.
507 3664 623 3730 molliri
639 3664 783 3729 membra
800 3664 934 3740 videres,

148 3772 222 3814 ossa
238 3751 304 3835 pati
320 3750 437 3826 flexus,
454 3772 578 3835 ungues
595 3750 740 3835 posuisse
756 3750 905 3835 rigorem,

148 3835 313 3920 primaque
332 3836 372 3899 de
390 3846 457 3899 tcta
473 3836 657 3900 tenuissima
673 3856 820 3919 quaeque
836 3835 1026 3918 liquescunt,

148 3920 287 3985 caerulei
304 3920 406 3985 crines
423 3921 578 4004 digitique
596 3932 628 3985 et
645 3941 738 3984 crura
755 3920 929 4005 pedesque:

147 4027 223 4070 nam
241 4004 346 4070 brevis
363 4005 396 4070 in
413 4005 536 4091 gelidas
553 4006 704 4070 membris
722 4005 857 4070 exilibus
874 4005 977 4069 undas

148 4089 300 4163 transitus
318 4101 375 4162 est.
408 4103 492 4182 ‘post
507 4092 587 4159 haec
604 4091 706 4159 umeri
723 4102 894 4184 tergusque
910 4093 1058 4173 latusque
