2800 4500
232 236 234 241 ’
325 270 694 336 smumoaenosnou
710 272 783 329 um.
801 273 853 329 xr.
870 272 1015 330 ars-403.
1120 257 1183 325 189

163 395 218 462 sed
236 395 378 462 trabibus
395 397 501 463 densis
517 397 654 481 lucoque
671 395 822 461 umbrosa
839 404 979 472 vetust03
1202 414 1252 465 too

160 482 193 546 N
194 482 314 547 ere'r'des
331 481 518 566 Nereusque
535 493 652 547 tenent
696 480 755 546 hos
771 481 880 546 navita
897 481 987 567 ponti

162 565 260 632 edidit
276 589 345 632 esse
363 567 454 644 deos,
472 568 549 633 dum
566 567 646 632 retia
661 567 753 632 litore
770 566 877 632 siccat.

160 652 268 717 iuncta
284 652 375 738 palus
392 652 467 718 huic
485 663 533 718 est
549 652 655 717 densis
673 651 804 717 obsessa
821 651 949 729 salietis,

161 758 257 820 quam
274 738 484 824 restagnantis
502 736 578 804 fecit
596 736 691 801 maris
709 737 796 801 unda
812 736 971 822 paludem.

159 820 234 887 inde
252 821 378 908 fragore
453 822 486 887 vi
503 822 614 907 strepit
630 832 662 888 et
678 822 748 887 loca
764 821 909 907 proxima
925 832 1022 887 terret

160 906 256 972 belua
273 918 377 986 vasta,
406 929 504 994 upus3
515 909 681 992 iunoisque
688 907 882 992 palustribus
900 906 964 972 exit

158 992 276 1057 oblitus
293 1002 326 1057 et
343 993 463 1079 spumis
481 1004 514 1058 et
530 1014 658 1078 sparsus
675 991 831 1078 sanguine
847 991 945 1057 rictus

160 1077 345 1156 fulmineos,
362 1078 459 1144 rubra
476 1077 617 1143 suffusus
634 1077 756 1142 lumina
772 1078 909 1143 flamma.

160 1161 216 1245 qui
232 1182 426 1248 quamquam
444 1162 545 1229 saevit
561 1162 679 1248 pariter
695 1162 847 1245 rabieque
863 1163 1022 1246 fameque,

160 1246 262 1312 aerior
279 1258 328 1313 est
344 1247 442 1313 rabie.
485 1269 590 1331 neque
608 1247 691 1313 enim
709 1247 826 1313 ieiunia
843 1258 933 1313 curat

160 1332 257 1397 caede
275 1333 372 1397 boum
390 1333 554 1418 diramque
571 1333 688 1398 famem
706 1333 809 1409 finire,
827 1333 885 1399 sed
901 1355 995 1399 omne

159 1419 306 1483 vulnerat
323 1429 500 1483 armentum
518 1418 691 1502 sternitque
708 1418 862 1483 hostiliter
878 1440 983 1485 omne.

159 1525 234 1588 pars
251 1525 379 1587 quoque
397 1504 437 1568 de
453 1504 546 1568 nobis
564 1503 690 1569 funesto
707 1504 816 1569 saucia
831 1525 949 1582 morsu,

160 1588 236 1653 dum
255 1588 471 1666 defensamus,
488 1588 552 1654 leto
569 1599 619 1655 est
635 1589 719 1654 data.
763 1590 918 1676 sanguine
935 1589 1010 1655 litus

162 1674 309 1758 undaque
325 1673 428 1760 prima
444 1675 538 1740 rubet
555 1673 799 1760 demugitaeque
816 1675 958 1760 paludes.

160 1758 217 1823 sed
232 1781 322 1824 mora
340 1761 492 1825 damnosa
509 1770 650 1838 est,'neo
666 1783 717 1826 res
735 1760 881 1827 dubitare
897 1760 1037 1827 remittit.

159 1843 237 1908 dum
254 1856 398 1930 superest
414 1844 549 1930 aliquid,
567 1846 673 1911 cuncti
690 1867 853 1922 coeamus,
872 1856 904 1912 et
920 1867 1018 1924 arma,

161 1951 249 1994 arma
266 1951 469 2015 capessamus
486 1930 717 2014 coniunctaque
734 1930 798 1996 tela
814 1930 975 1996 feramus?

159 2013 282 2078 dixerat
299 2014 442 2099 agrestis.
484 2036 544 2079 neo
560 2013 661 2080 Pelea
677 2015 794 2080 damna
810 2016 995 2093 movebant3

160 2099 231 2176 sed,
248 2121 370 2165 memor
386 2098 525 2176 admissi,
543 2099 681 2184 Nereida
698 2098 819 2186 colligit
835 2100 947 2166 orbam

140 2216 144 2225 ·
160 2185 276 2248 damna
294 2206 352 2250 sua
368 2183 497 2250 inferias
515 2184 653 2251 extincto
670 2184 795 2252 mittere
811 2185 932 2253 Phoco.

159 2269 291 2335 induere
309 2292 397 2334 arma
413 2269 499 2335 viros
516 2270 718 2355 violentaque
736 2294 860 2337 sumere
877 2273 941 2337 tela
1009 2306 1012 2319 ›

159 2378 217 2420 rex
233 2354 322 2420 iubet
340 2352 497 2433 Oetaeus,
516 2378 588 2422 eum
605 2356 676 2440 quis
694 2356 788 2422 simul
804 2357 874 2443 ipse
891 2357 1025 2443 parabat

160 2440 216 2506 ire.
260 2440 316 2505 sed
333 2440 479 2526 Alcyone
497 2442 635 2507 coniunx
652 2442 757 2509 excita
773 2443 913 2508 tumultu

159 2525 282 2611 prosilit
299 2536 345 2601 et,
361 2526 504 2591 nondum
521 2538 603 2592 totos
621 2538 733 2593 ornata
750 2529 890 2615 capillos,

161 2610 264 2676 disicit
280 2610 338 2676 hos
355 2611 456 2697 ipsos,
473 2613 619 2697 colloque
635 2612 743 2679 infusa
758 2614 874 2691 mariti,

158 2698 264 2763 mittat
279 2709 317 2764 ut
333 2699 486 2764 auxilium
503 2700 571 2765 sine
589 2722 634 2775 se,
652 2700 820 2782 verbisque
837 2709 986 2784 precatur

157 2797 190 2851 et
205 2785 358 2862 lacrimis,
375 2782 559 2867 animasque
577 2783 656 2848 duas
674 2793 711 2848 ut
728 2792 832 2848 servet
847 2783 881 2846 in
898 2804 972 2848 uua.

158 2871 317 2936 Aeacides
334 2869 393 2934 illi:
412 2869 567 2955 ‘pulcros,
583 2868 708 2953 regina,
725 2867 858 2968 piosque

157 2978 241 3042 pone
257 2967 370 3022 metus.
413 2955 508 3041 plena
525 2965 573 3019 est
588 2953 735 3039 promissr
751 2952 855 3037 gratia
870 2951 976 3017 vestri.

158 3063 223 3105 non
240 3041 345 3127 plaoet
362 3063 451 3105 arma
468 3039 545 3103 mihi
563 3049 672 3104 contra
688 3059 773 3102 nova
789 3047 931 3101 monstra
948 3035 1083 3101 moverit

158 3149 277 3191 numen
294 3125 492 3190 adorandum
508 3125 581 3210 pela
604 3124 612 3139 ⁰
632 3122 699 3188 est'
744 3132 812 3188 erat
828 3123 928 3187 ardua
944 3122 1051 3200 turris,

159 3232 231 3276 arce
244 3210 313 3295 iugi
326 3232 464 3286 summa,
481 3210 574 3275 fessis
603 3230 662 3275 oea
737 3220 770 3274 ta
787 3207 912 3273 carinis.

160 3296 336 3361 ascendunt
351 3294 428 3360 illue
444 3306 623 3380 stratosque
639 3293 673 3358 in
702 3293 781 3359 'tore
798 3304 906 3358 tauros

160 3401 233 3446 cum
250 3379 372 3466 gemitu
389 3380 548 3467 aspiciunt
564 3389 817 3462 vastatoremque
835 3389 965 3445 cruento
1020 3416 1022 3418 ·

160 3486 215 3531 ore
230 3465 349 3543 ferum,
366 3465 479 3551 longos
495 3465 649 3533 infectum
666 3466 821 3551 sanguine
837 3464 939 3529 villos.
1028 3522 1030 3525 ,

159 3548 233 3617 inde
251 3573 364 3615 manus
381 3551 514 3616 tendens
531 3551 565 3617 in
581 3550 681 3637 aperti
698 3550 790 3615 litora
806 3550 906 3651 ponti,

161 3636 338 3702 caenuleam
355 3635 473 3701 Peleus
489 3634 698 3712 Psamathen,
717 3647 754 3701 ut
769 3635 859 3699 fimat
875 3636 965 3712 uam,

160 3732 243 3799 crat,
261 3741 417 3807 opemque
434 3718 525 3786 ferat.
568 3744 628 3788 neo
645 3720 777 3787 vocibus
793 3721 848 3785 illa
863 3719 1005 3806 rogantis

160 3806 297 3872 flectitur
313 3805 490 3871 Aeacidae:
508 3805 619 3874 Thetis
636 3806 719 3871 hane
734 3827 793 3892 pro
810 3806 946 3891 coniuge
964 3804 1099 3890 supplex

160 3892 283 3978 accepit
300 3891 437 3957 veniam.
480 3891 537 3956 sed
554 3892 638 3959 enim
655 3902 822 3958 revocatus
838 3890 872 3955 in
889 3891 954 3956 aori

161 3976 258 4043 caede
275 3978 309 4042 lu
332 4000 370 4042 us
387 3987 521 4064 perstat,
539 3977 706 4044 dulcedine
723 3974 887 4063 sanguinis
905 3998 1012 4061 aspere

162 4063 263 4131 donec
280 3999 496 4132 inbaerentem
513 4063 636 4131 lacerae
653 4063 775 4132 cervice
792 4062 945 4129 iuvencae
