2800 4500
244 252 307 323 164
405 300 407 303 ψ
576 262 610 322 r.
629 262 755 341 cumn
771 261 934 324 nasorus
956 242 983 270 ²

243 391 357 469 tendit,
375 400 407 458 et
426 387 558 492 Orphea
574 389 769 475 nequiquam
786 375 864 456 voce
881 396 1023 454 vocatur.

244 479 347 545 adfuit
362 476 415 543 ille
432 476 575 561 quidem,
593 476 650 542 sed
667 497 728 541 nec
744 473 908 541 sollemnia
925 474 1023 540 verba

210 584 227 633 o
243 586 304 631 neo
319 564 418 629 laetos
435 561 543 627 vultus
559 583 619 627 nec
635 561 714 627 felix
731 559 835 626 attulit
852 581 954 626 omen.

243 649 299 714 fax
316 669 458 734 quoque,
477 668 574 730 quam
590 647 707 722 tenuit,
724 646 890 712 lacrimoso
908 644 1040 710 stridula
1056 642 1146 710 fumo

243 756 345 819 usqne
362 733 423 799 fuit
439 733 605 816 nullosque
621 730 744 798 invenit
759 730 897 796 motibus
914 730 1015 816 ignes.

244 819 347 887 exitus
365 817 505 904 auspicio
562 817 660 883 avior.
702 840 778 881 nam
795 828 896 903 nupta
912 839 970 902 per
985 816 1100 881 herbas

244 907 320 972 dum
337 920 422 969 nova
438 903 471 968 N
471 903 521 968 aia
543 925 598 967 um
615 902 711 968 turba
727 901 876 967 comitata
891 913 1036 986 vagatur,

194 1009 228 1060 10
244 990 373 1070 occidit,
390 988 425 1054 in
440 989 540 1054 talum
558 986 714 1074 serpentis
731 987 826 1054 dente
842 999 980 1072 recepto.

235 1068 341 1160 ‘quam
357 1074 433 1141 satis
450 1073 493 1139 ad
509 1096 640 1159 superas
656 1084 826 1159 postquam
844 1071 1048 1159 Rhodopeius
1066 1092 1159 1137 auras
1268 1086 1270 1090 ·

244 1160 371 1228 deflevit
387 1170 490 1237 vates,
506 1180 548 1225 ne
564 1180 628 1225 non
645 1169 815 1245 temptaret
831 1168 864 1224 et
880 1157 1020 1235 umbras,

244 1247 286 1313 ad
304 1244 408 1333 Styga
424 1242 582 1310 Taenaria
598 1255 648 1310 est
663 1266 760 1310 ausus
779 1243 970 1309 descendere
985 1252 1087 1329 porta,

189 1348 227 1485 'a
243 1332 471 1503 tittssltttt
483 1328 1153 1500 tttttttttqttttttttttdm

244 1501 430 1568 umbrarum
447 1499 625 1578 dominum
641 1499 805 1586 pulsisque
821 1498 864 1564 ad
881 1498 1021 1564 carmina
1037 1498 1142 1566 nervis

245 1588 291 1653 sio
308 1587 366 1652 ait:
384 1591 419 1652 ‘o
435 1584 531 1673 positi
547 1585 608 1651 sub
625 1596 711 1652 terra
726 1583 858 1650 numina
873 1583 995 1662 mundi,
1210 1664 1212 1667 ι

244 1673 277 1739 in
295 1694 390 1773 quem
407 1669 609 1747 reccidimus,
626 1669 778 1755 quiequid
793 1670 926 1736 mortale
943 1691 1101 1748 creamur:

246 1758 274 1823 si
289 1758 364 1824 hcet
383 1768 429 1834 et,
446 1755 520 1822 falsi
535 1755 646 1842 positis
663 1753 853 1842 ambagibus
871 1755 944 1833 oris,

195 1862 229 1913 ao
246 1865 323 1909 vera
338 1841 426 1928 loqui
442 1841 558 1908 sinitis:
575 1862 641 1907 non
656 1840 736 1920 huc,
753 1852 790 1906 ut
806 1862 906 1928 opaca
922 1841 1063 1907 viderem

245 1928 394 2006 Tartara,
411 1926 574 2003 descendi,
591 1948 652 1994 nec
667 1926 716 1992 uti
732 1925 845 1992 villosa
861 1925 999 1992 colubris

245 2025 335 2080 terna
350 2013 520 2080 Medusaei
536 2011 689 2079 vincirem
706 2022 838 2100 guttura
854 2012 996 2078 monstri.

246 2121 343 2197 canpe
360 2098 431 2165 viae
449 2110 498 2165 est
514 2098 666 2175 coniunx,
683 2098 718 2164 in
734 2119 832 2183 quam
849 2098 970 2163 calcata
986 2119 1145 2165 venenum

246 2185 356 2274 vipera
372 2184 515 2264 diffudit,
532 2194 775 2270 crescentesque
791 2180 921 2250 abstulit
938 2205 1048 2250 annos,

196 2291 228 2340 25
246 2294 340 2359 posse
357 2271 424 2359 pati
441 2270 542 2347 volui,
559 2291 619 2337 nec
635 2292 688 2337 me
706 2280 877 2357 temptasse
893 2271 1034 2356 negabo:
1112 2347 1114 2349 ,

246 2357 322 2424 vicit
337 2357 450 2422 Amor.
494 2378 532 2421 su
555 2379 610 2422 era
626 2356 706 2422 deus
722 2355 776 2421 hio
792 2355 874 2422 bene
890 2366 986 2422 notus
1001 2355 1036 2421 in
1052 2376 1109 2420 ora
1125 2366 1186 2434 este

246 2466 288 2508 an
304 2441 346 2508 sit
362 2441 478 2518 ethic,
495 2379 616 2508 duirito.
660 2440 718 2507 sed
734 2452 767 2508 et
782 2440 835 2507 hic
851 2452 958 2507 tamen
975 2463 1115 2527 auguror
1126 2463 1216 2518 ·esse;

245 2528 395 2612 famaque
413 2527 440 2592 si
456 2526 571 2594 veteris
587 2547 653 2593 non
670 2538 720 2593 est
735 2526 868 2593 mentita
884 2526 1025 2613 rapinae,
1279 2587 1282 2596 .

246 2634 303 2679 vos
315 2633 444 2764 <proque
456 2611 559 2677 iunxit
572 2612 684 2678 Amor.
710 2634 768 2698 per
780 2633 841 2699 ego
854 2611 934 2678 haec
947 2611 1019 2677 loca
1030 2611 1125 2697 plena
1137 2610 1268 2692 timoris,

195 2716 229 2767 ao
270 2721 305 2764 er
352 2697 431 2763 haos
447 2696 508 2764 hoc
525 2698 637 2784 ingens
655 2696 801 2783 vastique
818 2696 943 2763 silentia
959 2697 1060 2784 regni,

245 2721 439 2869 ilmdioes,
456 2804 523 2860 oro,
540 2792 709 2884 properata
725 2781 856 2849 retexite
872 2783 950 2848 fata

246 2868 354 2936 omnia
370 2868 529 2935 debentur
541 2868 646 2947 vobrs,
663 2868 859 2955 paulumque
875 2867 989 2933 morati

246 2954 348 3021 serius
365 2966 421 3020 aut
438 2953 531 3021 citius
548 2954 656 3020 sedem
673 2975 881 3041 properamus
899 2953 940 3019 ad
958 2975 1065 3018 unam.

246 3039 405 3107 tendimus
422 3039 486 3106 huc
502 3061 627 3116 omnes,
644 3037 725 3106 haec
741 3051 791 3105 est
807 3039 920 3105 domus
936 3038 1062 3116 ultima3
1079 3059 1200 3123 vosque

195 3142 229 3193 oo
246 3125 378 3191 humani
394 3124 520 3212 generis
536 3124 723 3226 longissima
739 3147 839 3210 regna
854 3124 979 3190 tenetis.
1049 3171 1051 3175 .

180 3241 187 3250 r
223 3219 234 3282 ,⁹
246 3211 326 3277 haee
343 3232 484 3296 quoque,
502 3232 575 3278 cum
592 3221 691 3276 iustos
708 3220 833 3275 matura
846 3208 1007 3311 peregerit
1023 3230 1133 3287 annos,

216 3295 223 3333 ¹
246 3297 324 3362 iuris
341 3296 401 3362 erit
417 3295 526 3362 vestri:
544 3317 602 3381 pro
619 3317 750 3361 munere
767 3317 927 3382 poscimus
944 3317 1048 3360 usum.

247 3382 333 3466 quod
350 3381 379 3447 si
394 3381 462 3447 fata
477 3380 597 3468 negant
614 3380 740 3447 veniam
756 3402 815 3466 pro
832 3379 982 3466 coniuge,
999 3390 1121 3446 certum
1139 3391 1187 3446 est

246 3467 331 3534 nolle
347 3467 450 3533 redire
466 3465 558 3531 mihi:
575 3466 639 3532 leto
655 3465 793 3552 gaudete
811 3465 967 3531 duorum?

195 3570 231 3620 so
248 3552 323 3617 talia
340 3552 496 3619 dicentem
514 3570 693 3635 nervosque
710 3551 752 3617 ad
769 3549 867 3616 verba
883 3561 1064 3617 moventem

163 3669 182 3697 κ
247 3659 426 3723 exsangues
442 3638 562 3703 flebant
578 3636 718 3715 animae,
734 3657 794 3702 nec
810 3636 966 3702 Tantalus
983 3636 1102 3701 undam

172 3719 209 3800 <Q
247 3722 386 3808 captavit
402 3723 564 3824 refugam,
578 3721 764 3871 stupuitque
781 3720 901 3822 Ixionis
919 3721 1014 3799 orbis,

246 3828 307 3873 nec
323 3828 469 3893 carpsere
484 3829 573 3873 secur
589 3827 629 3872 vo
642 3828 747 3884 ueras,
766 3827 916 3891 urnisque
933 3818 1087 3872 vacarunt

247 3889 392 3968 Belides,
408 3891 504 3977 inque
522 3903 578 3957 tuo
596 3890 719 3967 sedisti,
737 3889 891 3978 Sisyphe,
908 3913 995 3957 saxo.

196 3994 230 4043 45
247 3985 323 4040 tunc
339 3977 478 4060 primum
495 3976 632 4042 lacrimis
649 3976 804 4042 victarum
822 3978 960 4043 carmine
976 3976 1064 4042 fama
1080 3989 1129 4044 est

248 4056 464 4126 Eumenidum
481 4061 641 4127 maduisse
657 4084 767 4149 genas.
810 4085 869 4129 nec
885 4063 976 4149 regia
992 4062 1129 4130 coniunx
1162 4139 1164 4142 ¹
1271 4137 1286 4144 ⁴·
