2800 4500
238 243 302 311 184
542 256 545 261 ’
568 255 602 312 Ρ.
620 256 745 314 OVIDII
761 252 925 313 NASONIS

169 403 219 452 140
237 381 481 470 spumigeroque
498 390 590 446 tuum
607 379 697 457 fonti,
716 401 780 463 qua
796 378 952 465 plurimus
970 376 1046 455 exit,

236 468 338 569 subde
355 477 464 554 caput,
482 487 520 532 00
550 486 661 566 ‘usque
679 464 788 565 simul,
806 464 901 529 simul
917 461 1146 565 elue-crimen!

236 576 294 618 rex
310 575 415 619 russas
432 573 526 618 succe
560 563 702 639 taquae.
745 572 794 614 vrs
812 571 909 615 aurea
925 559 1019 614 tmxrt

237 639 355 704 flumen
373 648 405 704 et
423 636 562 702 humano
580 637 620 702 de
638 657 770 722 corpore
787 634 882 700 cessit
897 633 932 699 in
948 655 1084 699 amnem.

236 746 321 789 nuno
337 744 466 807 quoque
481 722 546 787 iam
563 721 677 787 veteris
694 731 844 807 percepto
861 719 982 786 semine
998 740 1099 785 venas

169 829 219 877 145
236 833 314 875 arva
329 810 435 896 rigent
451 829 529 874 auro
544 807 680 872 madidis
697 806 849 892 pallentia
864 804 997 891 glaebis.

279 895 353 973 Ille,
369 915 501 980 perosus
519 915 610 994 opes,
629 893 724 957 silvas
742 903 775 956 et
791 914 865 956 rura
882 890 1006 956 colebat
1043 887 1051 901 ’

235 979 391 1065 Panaque
407 989 565 1044 montanis
582 977 778 1043 habitantem
795 997 921 1062 semper
937 975 971 1056 in
989 973 1097 1041 antris.

236 1066 355 1152 pingue
373 1064 478 1130 sedin
502 1062 609 1129 eninm
625 1063 756 1139 mansit3
773 1062 996 1146 nocituraque,
1013 1073 1049 1125 ut
1067 1070 1152 1140 ante,

236 1173 346 1217 rursus
363 1159 452 1217 erant
491 1148 597 1214 omino
614 1149 730 1214 stultae
745 1146 930 1234 praecordia
946 1145 1071 1212 mentis.

170 1257 220 1306 150
237 1260 313 1301 nam
328 1235 411 1301 freta
426 1234 620 1322 prospiciens
637 1233 701 1299 late
718 1233 801 1319 riget
817 1233 935 1298 arduus
953 1233 1017 1297 alto

236 1321 370 1387 Tmolus
387 1320 421 1386 in
438 1342 587 1397 ascensu,
604 1318 750 1402 clivoque
768 1327 917 1384 extensus
933 1329 1068 1401 utroque

238 1406 394 1474 Sardibus
410 1405 498 1481 binc,
515 1404 602 1469 illinc
615 1403 726 1505 parvis
741 1403 850 1469 finitur
866 1403 1042 1489 Hypaepis.

235 1493 308 1558 Pan
325 1491 371 1556 ibi
387 1492 464 1557 dum
481 1489 597 1555 teneris
613 1499 711 1554 ractat
728 1512 787 1554 sua
803 1489 944 1554 carmina
960 1487 1110 1574 nymphis

237 1588 270 1643 et
285 1578 356 1643 leve
375 1587 481 1642 cerata
495 1575 677 1641 modulatur
694 1573 871 1639 harundine
888 1596 1025 1649 carmen,

170 1683 220 1733 155
238 1685 334 1729 ausus
351 1662 538 1748 Apollineos
555 1682 632 1747 prae
649 1681 684 1725 se
702 1670 903 1725 contemnere
920 1671 1043 1737 cantus,

237 1748 341 1814 iudice
358 1746 418 1812 sub
435 1747 550 1812 Tmolo
567 1756 728 1812 certamen
745 1745 831 1810 venit
848 1745 889 1810 ad
906 1744 1018 1830 impar.

236 1844 344 1899 monte
361 1854 418 1898 suo
437 1832 541 1898 senior
556 1831 655 1896 iudex
672 1830 829 1908 consedit,
846 1841 879 1895 et
895 1852 988 1896 aures

236 1918 350 1984 liberat
367 1917 542 1984 arboribus.
585 1936 706 2002 quercu
723 1937 815 1981 coma
831 1916 958 1982 caerula
974 1926 1098 1980 tantum

237 2004 385 2090 cingitur,
403 2015 435 2069 01
451 2003 592 2090 pendent
608 2002 728 2068 circum
746 2023 826 2067 cava
841 2012 984 2087 tempora
1001 2001 1143 2087 glandes.

171 2110 220 2160 100
237 2090 329 2175 isque
347 2089 442 2155 deum
458 2088 582 2175 pecoris
599 2111 613 2152 s
637 2099 745 2154 ectans
763 2087 811 2152 ‘in
827 2086 946 2152 iudice'
964 2085 1044 2151 dixit

239 2176 341 2241 ‘nulla
357 2197 447 2240 mora
464 2174 533 2240 est'
576 2195 594 2239 0
626 2172 706 2238 amis
723 2173 902 2260 agrestibus
919 2172 1044 2237 insonat
1060 2172 1128 2238 illez

237 2260 466 2346 barbaricoque
484 2260 598 2325 Midan
615 2259 740 2343 (aderat
756 2282 832 2324 nam
849 2259 930 2324 forte
947 2258 1087 2343 canenti)

238 2346 376 2413 carmine
393 2346 519 2412 delenit.
562 2344 736 2430 posthunc
754 2367 843 2410 sacer
860 2366 916 2410 ora
931 2343 1057 2410 retorsit

237 2431 370 2497 Tmolus
387 2432 430 2496 ad
446 2453 481 2496 os
498 2430 638 2508 Phoebi;
655 2431 780 2494 vultum
797 2452 856 2495 sua
872 2430 953 2495 silva
969 2440 1079 2496 secuta
1095 2439 1152 2494 est.

170 2537 219 2586 100
237 2518 290 2582 ille
307 2538 346 2582 ca
367 2527 404 2581 ut
419 2516 539 2581 flavum
554 2516 645 2580 lauro
661 2515 839 2581 Parnaside
856 2516 980 2581 vinctus

237 2601 334 2668 verrit
345 2538 484 2666 humum
570 2599 600 2665 ‘o
617 2610 759 2665 saturata
774 2600 895 2666 murice
911 2601 1010 2687 palla:

236 2685 518 2771 instructamquefi
542 2709 594 2752 em
603 2685 739 2772 gemmis
758 2697 789 2751 et
806 2686 953 2752 dentibus
971 2685 1061 2750 Indis

238 2771 371 2839 sustinet
387 2795 407 2837 a
423 2773 528 2837 laeva:
546 2771 648 2837 tenuit
664 2793 779 2836 manus
795 2772 894 2838 altera
910 2773 1075 2858 plectrum.

238 2857 366 2924 artificis
383 2867 484 2923 status
499 2857 568 2943 ipse
586 2857 656 2922 fuit
699 2868 768 2921 tum
786 2855 921 2922 stamina
937 2857 1031 2922 docto

171 2944 350 3093 1100011100
368 2942 514 3009 sollicitat
519 2967 529 3020 ;
546 2964 682 3026 quorum
699 2942 866 3009 dulcedine
884 2952 995 3027 captus

268 3052 329 3094 ana
344 3028 434 3095 iubet
450 3028 584 3094 Tmolus
601 3025 740 3093 citharas
757 3027 943 3093 submittere
961 3047 1089 3093 cannas.

236 3114 388 3180 iudicium
405 3113 569 3197 sanctique
586 3113 691 3198 placet
708 3113 863 3178 sententia
880 3112 995 3177 montis

237 3200 398 3276 omnibus3
417 3198 560 3284 arguitur
576 3209 682 3264 tamen
699 3210 796 3282 atque
812 3199 929 3263 iniusta
946 3209 1077 3263 vocatur

236 3286 331 3351 unius
348 3306 492 3351 sermone
509 3282 630 3349 Midae.
673 3304 733 3349 nec
750 3283 864 3349 Delius
882 3305 973 3348 aures

170 3391 219 3441 175
237 3371 409 3436 humanam
426 3369 554 3434 stolidas
571 3368 691 3454 patitur
707 3369 841 3434 retinere
858 3369 1008 3454 liguram:

237 3457 294 3522 sed
310 3454 406 3520 trahit
421 3454 455 3519 in
471 3454 609 3540 spatium
626 3453 772 3537 villisque
789 3454 968 3518 albentibus
985 3453 1106 3538 implet,

236 3540 462 3625 instabilesque
479 3539 559 3603 imas
577 3538 654 3604 facit
670 3549 702 3604 et
720 3539 775 3602 dat
790 3560 885 3624 posse
902 3539 1032 3605 moveri.

237 3637 342 3693 cetera
359 3635 432 3691 sunt
449 3624 599 3689 hominis:
616 3634 739 3709 partem
757 3624 925 3688 damnatur
940 3624 974 3688 in
991 3646 1089 3689 unam

236 3711 439 3794 induiturque
457 3732 550 3775 aures
566 3710 651 3775 lente
668 3709 842 3794 gradientis
858 3710 957 3774 aselli.

171 3817 220 3867 180
279 3795 338 3860 Ille
354 3794 483 3879 quidem
501 3796 603 3860 celare
620 3795 722 3880 cupit,
740 3794 887 3879 turpique
903 3795 1025 3880 pudore

237 3891 380 3965 tempora
396 3880 563 3965 purpureis
581 3890 716 3965 temptat
732 3880 838 3945 velare
855 3880 952 3945 tiaris.

238 3965 293 4030 sed
311 3964 421 4029 solitus
437 3964 549 4050 longos
566 3964 650 4031 ferro
667 3986 811 4031 resecare
827 3965 958 4052 capillos

237 4048 360 4118 viderat
375 4049 436 4118 hoo
453 4049 602 4117 famulus.
645 4050 714 4137 qui,
732 4071 805 4118 cum
822 4073 882 4117 nec
896 4051 1031 4141 prodere
1049 4051 1153 4121 visum
