2800 4500
217 239 279 306 186
549 251 582 308 P.
602 249 727 310 0v11>11
744 248 907 310 NASONIS

213 375 305 441 iussit
321 384 354 443 et
370 373 536 460 amplexus
552 375 586 441 in
603 374 734 462 virginis
751 375 797 441 ire
814 375 966 441 marinae.

216 473 265 527 est
282 462 369 526 sinus
386 461 584 528 Haemoniae
602 482 716 525 curvos
733 460 868 526 falcatus
885 462 919 526 in
936 482 1044 539 arcus3

147 566 198 617 250
216 546 365 612 bracchia
381 557 584 632 procurrunt:
602 546 673 623 ubi,
691 546 718 610 si
735 546 817 612 foret
834 546 926 611 altior
942 546 1039 623 unda,

238 645 325 697 ortus
342 642 424 709 erat3
442 630 573 697 summis
590 631 756 696 inductum
773 642 820 697 est
838 652 958 714 aequor
974 629 1110 697 harenis.

214 655 289 783 iitus
306 716 402 783 habet
419 716 570 795 solidum,
588 717 675 801 quod
691 738 752 782 nec
768 716 903 803 vestigia
919 727 1023 782 servet

214 826 276 869 nec
292 814 468 868 remoretur
484 802 554 880 iter,
571 824 631 867 nec
648 813 793 886 opertum
810 802 946 887 pendeat
964 802 1047 887 alga.

215 899 339 974 myrtea
356 888 436 952 silva
453 887 576 963 subest,
593 886 786 953 bicoloribus
803 887 906 952 obsita
922 886 1020 952 bacis.

147 993 196 1044 255
215 986 263 1039 est
281 994 393 1059 specus
411 972 444 1036 in
461 972 580 1050 medi03
597 983 713 1037 natura
729 972 832 1038 factus
849 996 891 1038 an
907 984 984 1048 arte,

215 1059 416 1145 ambiguum:
435 1058 537 1142 magis
555 1072 621 1123 arte
639 1069 756 1123 tamen.
798 1079 863 1142 quo
881 1081 935 1124 sae
958 1081 975 1123 5
993 1056 1101 1124 venire

215 1145 339 1227 frenato
357 1143 505 1229 delphine
522 1143 651 1221 sedens,
669 1142 780 1220 Theti,
796 1143 884 1209 nuda
901 1080 1035 1209 sciebas.

215 1230 279 1295 illic
295 1241 328 1298 te
343 1227 476 1306 Peleus,
493 1239 529 1293 ut
546 1249 657 1293 somno
673 1228 759 1294 victa
775 1227 914 1303 iacebas,

216 1325 350 1400 occupat
367 1324 413 1391 et,
430 1313 581 1397 quoniam
597 1313 745 1399 precibus
762 1324 916 1400 temptata
932 1335 1102 1414 repugnas,

148 1401 281 1475 alonim
298 1411 403 1486 parat,
420 1398 583 1464 innectens
601 1399 757 1464 ambobus
774 1400 855 1464 colla
871 1400 1005 1465 lacertis.

215 1484 379 1571 quodnisi
396 1485 551 1561 venisses,
568 1484 697 1549 variatis
715 1506 809 1570 saepe
826 1484 948 1570 figuris,

216 1571 258 1636 ad
275 1571 382 1636 solitas
400 1580 497 1646 artes,
515 1590 593 1635 auso
610 1570 693 1635 foret
709 1570 763 1635 ille
779 1569 908 1656 potitus.

216 1658 272 1723 sed
289 1655 384 1721 modo
402 1667 438 1719 tu
455 1654 606 1720 volucris:
624 1656 786 1721 volucrem
802 1667 909 1721 tamen
925 1655 978 1721 ille
995 1656 1137 1734 tenebat,

154 1808 155 1814 ,
215 1764 302 1808 nunc
318 1740 426 1827 gravis
442 1740 537 1805 arbor
555 1762 640 1806 eras:
658 1740 811 1807 haerebat
826 1740 860 1806 in
878 1741 990 1806 arbore
1005 1739 1131 1807 Peleus.

149 1845 199 1898 245
217 1827 308 1893 tertia
325 1827 429 1891 forma
445 1825 506 1890 luit
523 1826 704 1892 maculosae
721 1825 860 1912 tigridis:
877 1825 932 1891 illa

217 1912 344 1979 territus
361 1910 521 1977 Aeacides
538 1934 559 1976 a
575 1932 707 1997 corpore
723 1910 873 1977 bracchia
889 1912 993 1977 solvit.

216 1998 307 2084 isque
324 1996 400 2064 deos
418 1996 525 2083 pelagi
541 1996 616 2061 vino
632 2020 730 2083 super
746 2018 884 2082 aequora
900 1998 973 2063 fuso

217 2095 250 2150 et
265 2082 389 2170 pecoris
406 2082 495 2149 fibris
512 2093 545 2147 et
560 2082 650 2148 fumo
667 2082 746 2148 turis
764 2084 888 2148 adorat:

218 2168 318 2234 donec
336 2164 528 2255 Carpathius
544 2168 649 2234 medio
666 2168 707 2234 de
724 2168 851 2256 gurgite
868 2179 957 2233 vates

150 2273 201 2324 250
219 2254 397 2332 ‘Aeacida’
416 2253 496 2319 dixit
513 2253 673 2319 ‘thalamis
690 2255 811 2340 potiere
827 2254 944 2341 petitis.

217 2353 253 2405 tu
269 2341 378 2418 modo,
396 2362 470 2405 cum
490 2339 593 2424 rigido
610 2340 715 2425 sopita
732 2340 873 2424 quiescet
888 2340 922 2403 in
939 2351 1039 2416 antro,

218 2427 363 2512 ignaram
379 2424 500 2508 laqueis
516 2424 686 2509 vincloque
701 2425 827 2491 innecte
844 2425 957 2491 tenaci.

218 2533 278 2576 nec
295 2521 327 2576 te
343 2509 481 2595 decipiat
497 2522 625 2575 centum
641 2511 774 2576 mentita
790 2511 920 2596 figuras,

219 2597 275 2661 sed
291 2617 413 2681 preme,
432 2594 583 2678 quicquid
599 2595 668 2672 erit,
686 2594 774 2673 dum,
792 2596 877 2680 quod
895 2596 956 2660 fuit
973 2607 1056 2673 ante,
1073 2594 1240 2662 reformet!

151 2698 200 2749 255
218 2681 342 2747 dixerat
358 2679 437 2746 haec
453 2679 590 2746 Proteus
607 2692 640 2746 55
656 2681 796 2747 condidit
813 2703 950 2766 aequore
967 2682 1092 2747 vultum

219 2765 409 2850 admisitque
426 2786 500 2829 suos
517 2765 551 2830 in
567 2767 667 2832 verba
683 2766 855 2832 novissima
870 2768 995 2833 fluctus.

218 2873 337 3001 plronus
355 2861 423 2916 erat
439 2850 535 2915 Titan
552 2849 768 2937 inclinatoque
784 2852 913 2918 tenebat

254 2936 412 3022 esperium
428 2948 554 3002 temone
570 2935 702 3014 fretum,
721 2960 794 3003 eum
810 2939 921 3024 pulcra
937 2937 1046 3004 relicto

218 3022 331 3088 Nere'is
349 3021 525 3107 ingreditur
542 3034 693 3089 consueta
711 3023 828 3089 cubilia
844 3034 952 3109 ponto.

152 3125 202 3177 260
220 3108 274 3171 vix
291 3107 373 3173 bene
390 3106 549 3193 virgineos
566 3106 685 3174 Peleus
700 3107 862 3175 invaserat
878 3119 978 3173 artus:

219 3194 274 3259 illa
290 3203 386 3265 novat
403 3192 536 3269 formas,
555 3193 656 3258 donec
673 3216 733 3258 sua
749 3194 892 3259 membra
909 3193 1009 3258 teneri

134 3277 138 3284 ’
219 3278 328 3354 sentit,
346 3288 377 3344 et
395 3278 427 3342 in
444 3288 551 3378 partes
568 3278 709 3344 diversas
725 3279 875 3345 bracchia
891 3279 987 3343 tendi.

218 3374 287 3428 tum
305 3363 433 3428 demum
450 3363 614 3449 ingemuit.
657 3364 790 3447 ‘neque'
808 3364 852 3429 ait
869 3365 952 3430 ‘sine
969 3364 1100 3430 numine
1117 3364 1242 3443 vincis',

219 3449 361 3514 exhibita
377 3461 487 3532 estque
504 3448 626 3514 Thetis.
670 3449 848 3515 confessam
866 3473 916 3514 am
940 3450 1065 3515 lectitur
1081 3448 1175 3515 heros

152 3551 202 3602 255
220 3545 253 3600 55
269 3533 388 3619 potitur
405 3534 486 3599 votis
502 3533 686 3683 infamique
702 3534 813 3621 implet
830 3535 913 3598 Ach'
939 3557 967 3600 e.

261 3619 355 3685 Felix
372 3629 405 3684 et
421 3629 510 3694 nato,
541 3618 604 3684 elix
620 3630 653 3684 et
670 3618 805 3705 coniuge
822 3619 951 3698 Peleus,
1034 3636 1242 3705 eeyzetPeleaa

220 3715 253 3771 et
270 3703 335 3780 cui,
353 3703 381 3768 si
397 3704 506 3770 demas
523 3703 658 3791 iugulati
675 3704 806 3770 crimina
822 3705 935 3783 Phoci,

220 3788 327 3854 omnia
343 3789 549 3875 contigerant.
592 3789 732 3856 fraterno
750 3790 904 3891 sanguine
921 3809 1043 3858 sontem

220 3874 452 3959 expulsumque
470 3874 565 3939 domo
581 3875 684 3961 patria
701 3875 873 3941 Tracbmia
889 3877 982 3942 tellus

154 3980 204 4031 270
221 3958 345 4058 accipit.
388 3959 440 4023 hic
456 3982 591 4045 regnum
609 3959 676 4026 sine
692 3960 740 4037 vi,
758 3961 826 4028 sine
843 3962 940 4028 caede
955 3961 1088 4046 regebat

220 4042 373 4111 Lucifero
389 4045 532 4130 genitore
550 4054 637 4114 satus
654 4045 854 4134 patriumque
870 4047 1005 4113 nitorem
1121 4123 1127 4129 ¹
1242 4098 1248 4106 .
