2800 4500
193 276 561 338 METAMORPHOSEON
577 278 651 336 LIB.
668 277 733 336 VII.
754 278 896 336 teu-864.
915 276 993 337 v111.
1010 277 1086 335 1-9.
1112 261 1172 330 125

152 417 278 492 postera
294 405 481 492 depulerant
497 404 644 473 Aurorae
660 400 782 468 lumina
798 412 937 469 noctem:

152 490 298 577 egredior
314 492 490 576 silvamque
507 500 594 576 peto,
617 489 771 572 lucosque
789 509 954 572 pererrans
1189 506 1240 558 835

153 583 255 642 “aura
272 576 368 642 reni'’
387 578 467 654 dixi,
485 583 679 659 “nostroque
697 574 825 640 medere
842 573 982 639 laboril'’

153 672 185 727 et
201 662 306 727 subito
324 663 462 748 gemitus
478 662 560 727 inter
577 683 649 728 mea
665 659 764 725 verba
780 658 912 725 videbar

152 747 259 813 nescio
276 769 357 830 quos
374 748 515 814 audisset
533 745 657 813 “veni''
674 758 782 810 tamen
799 744 984 831 “optimal”
1001 746 1075 810 dixi.

153 831 264 898 fronde
281 834 384 898 levem
401 854 510 898 rursus
527 832 693 919 strepitum
710 830 847 897 faciente
863 831 984 896 caduca

154 939 224 982 sum
241 930 329 983 ratus
347 940 416 984 esse
433 918 534 985 feram
551 918 714 1001 telumque
732 916 857 982 volatile
873 916 954 980 misi.
1107 952 1111 961 =
1191 935 1243 991 840

152 1000 281 1068 Procris
298 1003 379 1068 erat!
397 1005 566 1087 medioque
582 1014 693 1068 tenens
710 1002 745 1067 in
784 1012 888 1068 ectore
904 1002 1030 1080 vulnus,

154 1087 210 1152 “ei
226 1087 342 1152 mihil''
361 1090 546 1155 conclamat.
589 1109 654 1154 vox
670 1099 719 1154 est
735 1024 791 1152 uli
808 1086 935 1174 cognita
952 1087 1034 1154 fidae

155 1171 314 1258 coniugis,
330 1173 373 1237 ad
388 1195 501 1240 vocem
517 1195 669 1260 praeceps
686 1193 859 1257 amensque
875 1173 1008 1238 cucurri.

155 1255 371 1324 semianimem
389 1269 421 1324 et
438 1280 562 1346 sparsas
578 1258 759 1325 foedantem
777 1257 931 1345 sanguine
948 1269 1051 1326 vestes

155 1352 187 1405 et
204 1364 277 1421 sua,
293 1365 346 1408 ms
363 1343 527 1411 miseruml
546 1345 586 1410 de
603 1345 734 1410 vulnere
751 1345 835 1410 dona
851 1344 1025 1411 trahentem
1191 1366 1243 1418 stc

154 1426 281 1494 invenio
298 1449 476 1516 corpusque
492 1450 565 1496 meo
581 1429 659 1494 mihi
677 1430 781 1495 carius
797 1429 879 1494 ulnis

154 1512 302 1579 mollibus
319 1516 443 1593 attollo,
460 1514 622 1599 scissaque
639 1538 659 1580 a
674 1525 803 1616 pectore
820 1525 908 1581 reste

154 1597 286 1665 vulnera
302 1621 398 1667 saeva
414 1600 479 1688 ligo
497 1621 657 1685 conorque
672 1599 816 1666 mhibere
833 1622 987 1680 cruorem,

153 1703 216 1748 neu
234 1706 286 1750 me
302 1697 403 1753 morte
421 1709 479 1752 sua
496 1685 685 1752 sceleratum
701 1686 836 1762 deserat,
853 1708 919 1752 oro.

154 1767 274 1835 viribus
289 1770 345 1836 illa
362 1794 473 1838 carens
489 1784 522 1838 et
537 1771 602 1836 iam
617 1770 808 1837 moribunda
825 1772 929 1859 coe'git
1191 1793 1243 1844 850

154 1853 232 1920 haec
250 1878 285 1922 se
324 1878 405 1923 auca
420 1857 521 1941 loquis
539 1863 622 1943 “per
637 1855 737 1921 nostri
752 1855 882 1923 foedera
897 1857 972 1923 lecti

154 1961 274 2025 perque
313 1963 368 2007 eos
385 1943 521 2028 supplex
538 1963 593 2008 oro
610 1962 806 2027 superosque
822 1963 983 2026 meosque,

154 2046 211 2110 per
227 2025 254 2091 si
271 2027 350 2110 quid
367 2026 469 2095 merui
486 2027 526 2094 de
543 2038 576 2094 te
592 2026 674 2093 bene
679 2075 689 2106 ,
707 2048 827 2114 perque
844 2039 1024 2094 manentem

153 2131 239 2175 nunc
256 2132 398 2196 quoque,
415 2135 488 2178 cum
505 2134 615 2199 pereo,
633 2135 763 2179 causam
779 2112 857 2178 mihi
873 2112 993 2190 mortis,
1012 2135 1161 2193 amorem,

153 2218 194 2262 ns
211 2196 357 2264 thalamis
374 2199 499 2264 Auram
516 2198 637 2285 patiare
654 2198 807 2265 innubere
824 2198 969 2266 nostris.’'
1190 2218 1241 2271 855

154 2282 246 2360 dixit,
264 2295 296 2348 et
313 2306 450 2350 errorem
468 2294 536 2349 tum
553 2284 690 2368 denique
707 2284 843 2357 nominis
860 2307 929 2351 esse
957 2353 961 2362 ,

153 2378 185 2433 et
202 2368 286 2434 sensi
302 2381 336 2435 et
352 2369 455 2434 docui.
499 2369 555 2435 sed
573 2370 651 2455 quid
668 2370 814 2436 docuisse
830 2370 979 2437 iuvabat?

151 2453 278 2531 labitur,
295 2464 328 2520 et
341 2476 461 2554 parvae
478 2454 606 2541 fugiunt
623 2478 696 2521 curu
714 2455 870 2542 sanguine
886 2456 980 2522 vires.

152 2538 292 2624 dumque
309 2541 430 2624 ahquid
447 2551 589 2626 spectare
607 2551 726 2627 potest,
743 2564 796 2607 ms
813 2551 948 2627 spectat,
967 2551 998 2607 et
1014 2540 1049 2606 in
1065 2564 1118 2608 ms

151 2624 310 2691 infelicem
327 2626 464 2690 animam
481 2638 652 2710 nostroque
669 2627 775 2692 exalat
790 2627 825 2692 in
842 2648 905 2693 ore.
1191 2647 1242 2698 860

152 2710 210 2776 sed
226 2710 317 2775 vultu
334 2711 464 2776 meliore
481 2711 561 2776 mori
578 2732 690 2777 secura
706 2711 851 2777 ridetur?

151 2795 299 2861 flentibus
316 2795 396 2862 haec
411 2796 579 2862 lacrimans
595 2797 688 2862 heros
706 2797 911 2862 memorabat.
956 2808 988 2863 et
1005 2820 1079 2865 ecce

151 2881 280 2946 Aeacus
297 2880 474 2967 ingreditur
490 2881 609 2968 duplici
627 2902 701 2947 cum
718 2884 807 2968 prole
823 2903 970 2965 novoque

151 2965 265 3043 milite,
283 2987 378 3051 quem
398 2964 560 3052 Cephalus
577 2989 651 3033 cum
668 2966 804 3033 fortibus
821 2966 936 3053 accipit
952 2968 1058 3034 armis.

500 3235 618 3291 LIBER
634 3234 821 3295 OCTAVUS.

150 3394 220 3459 Iam
237 3391 373 3458 nitidum
389 3403 553 3479 retegente
570 3393 654 3459 diem
671 3393 836 3478 noctisque
854 3393 987 3479 fugante
1151 3413 1247 3483 Scylla,

150 3491 294 3579 tempora
310 3477 462 3544 Lucifero
480 3478 565 3543 cadit
582 3500 692 3555 eurus,
711 3490 744 3543 et
760 3479 869 3543 umida
885 3491 1021 3564 surgunt

150 3564 268 3629 nubila.
313 3563 390 3628 daut
407 3563 522 3648 placidi
540 3586 668 3628 cursum
684 3564 890 3629 redeuntibus
909 3565 1007 3630 austri

149 3648 302 3714 Aeacidis
321 3645 541 3733 Cephaloque:
560 3649 675 3733 quibus
692 3648 826 3716 feliciter
843 3650 905 3716 aeti
1011 3728 1014 3734 Ι

149 3744 223 3800 ante
241 3757 259 3800 e
304 3744 443 3799 actatum
482 3744 568 3798 ortus
585 3743 716 3800 tenuere
733 3735 858 3821 petitos.

148 3818 270 3885 interea
326 3818 394 3884 'nos
412 3754 565 3904 Lelegeia
581 3818 674 3885 litora
691 3831 796 3886 vastat

149 3913 422 4004 praetemptatque
439 3903 488 3968 sui
505 3903 589 3968 vires
605 3903 763 3970 Mavortis
780 3905 813 3970 in
830 3905 909 3971 urbe

150 3987 313 4065 Alcathoi,
330 4009 428 4072 quam
444 3988 543 4054 Nisus
560 3988 672 4068 habet,
689 3989 742 4054 cui
759 3990 942 4077 splendidus
960 4002 1045 4058 ostro

149 4072 231 4141 inter
248 4072 418 4162 honoratos
435 4072 539 4140 medio
559 4075 600 4141 de
617 4076 735 4141 vertice
753 4098 848 4141 canos
