2800 4500
312 290 680 350 METAMORPHOSEON
695 291 768 349 LIB.
787 291 839 350 IX.
858 290 1001 348 187-2tt
1101 275 1166 345 ’151

147 418 244 503 inque
260 439 373 503 pyram
391 415 531 494 stmctis,
548 437 657 481 arcum
674 415 918 501 pharetramque
936 436 1085 501 capacem

147 524 309 589 regnaque
326 502 449 567 visuras
466 501 581 567 iterum
598 501 738 566 Troiana
755 500 885 586 sagittas

147 588 230 654 ferre
246 588 337 654 iubes
354 587 498 653 Poeante
515 598 633 665 satum3
653 607 717 670 quo
734 586 863 650 flamma
879 585 1021 651 ministro

148 673 283 739 subdita.
328 673 468 757 dumque
485 672 586 738 avidis
604 693 674 738 com
697 672 840 737 tenditur
856 671 985 757 ignibus
1002 693 1111 758 agger,

147 759 327 844 congeriem
345 758 443 824 silvae
460 759 621 824 Nemeaeo
638 779 659 822 v
700 779 754 823 ere
771 778 928 821 summam
1188 776 1238 826 285

147 844 260 911 sternis
277 856 309 909 et
325 843 474 929 imposita
491 844 599 908 clavae
616 841 740 909 cervice
756 842 924 921 recumbis,

147 929 233 994 haud
251 929 312 994 alio
330 930 436 1005 vultu,
453 950 550 1013 quam
567 929 596 993 si
612 928 747 994 conviva
762 927 881 994 iaceres

147 1016 229 1079 inter
245 1014 340 1099 plena
355 1014 436 1080 meri
452 1012 617 1080 redimitus
633 1014 749 1099 pocula
765 1013 866 1078 sertis.
898 1035 901 1040 ’

188 1100 322 1184 Iamque
339 1099 447 1164 valens
466 1098 548 1165 etin
565 1121 659 1165 omne
676 1100 759 1164 latus
778 1098 894 1163 diffusa
911 1097 1045 1164 sonabat

147 1206 339 1270 securosque
356 1195 443 1249 artus
460 1195 772 1271 contemptoremque
788 1184 917 1269 petebat

147 1271 275 1336 flamma
292 1291 396 1335 suum.
439 1269 573 1335 timuere
590 1269 642 1335 dei
680 1290 716 1334 ro
733 1268 859 1336 vindice
877 1280 987 1335 terrae.

147 1378 228 1441 quos
244 1355 289 1420 ita
305 1353 419 1439 (sensit
434 1355 534 1440 enim)
550 1355 633 1420 laeto
652 1293 821 1422 daturums
839 1376 893 1421 ore
1103 1418 1105 1421 ,

147 1440 292 1527 Iuppiter
308 1439 492 1524 alloquitur:
510 1446 633 1506 ‘nostra
650 1450 698 1506 est
714 1439 809 1505 timor
824 1440 884 1505 iste
901 1441 1059 1526 voluptas,

147 1550 167 1592 o
185 1550 223 1592 su
246 1526 306 1604 eri,
323 1535 453 1609 totoque
469 1524 571 1593 libens
588 1525 667 1591 mihi
682 1536 811 1613 pectore
827 1536 945 1610 grator,

147 1550 244 1697 quod
250 1611 399 1678 memoris
416 1611 526 1697 populi
542 1611 631 1676 dicor
646 1622 813 1695 rectorque
830 1621 992 1712 paterque,

148 1709 181 1764 et
196 1720 268 1762 mea
284 1696 452 1782 progenies
469 1707 575 1762 vestro
593 1717 721 1780 quoque
738 1708 808 1762 tuta
823 1699 932 1763 lavore
950 1707 1008 1761 est.

145 1806 222 1849 nam
240 1803 433 1868 quamquam
449 1782 550 1867 ipsius
568 1780 662 1846 datur
677 1782 739 1847 hoc
757 1781 947 1848 immanibus
965 1782 1054 1858 actis,

148 1868 272 1953 obligor
288 1866 358 1953 ipse
375 1877 491 1933 tamen.
535 1866 591 1932 sed
609 1866 694 1933 enim
710 1865 785 1950 (nec
802 1878 931 1952 pectora
948 1889 1031 1933 vano

149 1954 212 2018 fida
228 1962 316 2019 metu
331 1952 484 2038 paveant)
499 1951 576 2016 istas
593 1951 657 2016 iam
674 1952 812 2036 spernite
829 1953 983 2018 flammas.

141 2038 255 2104 omnia
271 2037 326 2122 qui
343 2036 434 2114 vicit,
452 2036 572 2113 vincet,
590 2058 671 2120 quos
689 2036 830 2112 cernitis,
848 2038 953 2122 ignes3

147 2146 207 2190 nec
223 2122 286 2188 nisi
302 2132 444 2187 materna
461 2121 640 2188 Volcanum
658 2131 748 2207 parte
765 2131 928 2206 potentem
1226 2164 1230 2191 ,-

149 2208 271 2277 sentiet.
315 2218 479 2274 aeternum
495 2218 556 2284 est,
575 2230 594 2272 a
611 2229 663 2273 me
680 2206 767 2291 quod
784 2206 893 2284 traxit,
912 2217 944 2276 et
960 2229 1074 2294 expers
1161 2256 1163 2260 .

148 2308 244 2380 atque
260 2291 505 2360 immunenecis
527 2291 669 2376 nullique
690 2292 848 2358 domabile
865 2293 1020 2360 flammae.

147 2381 244 2465 idque
263 2402 323 2466 ego
341 2378 527 2445 defunctum
543 2389 628 2444 terra
645 2378 835 2444 caelestibus
853 2378 916 2444 oris

148 2465 315 2553 accipiam,
333 2464 518 2548 cunctisque
535 2485 643 2529 meum
659 2462 806 2530 laetabile
823 2463 945 2531 factum

149 2553 198 2617 dis
214 2552 283 2617 fore
301 2549 436 2616 confido.
479 2549 507 2615 si
524 2548 596 2650 quis
612 2561 720 2615 tamen
737 2549 893 2626 Hercule,
910 2549 938 2614 si
955 2550 1027 2634 quis

147 2638 230 2704 forte
248 2637 308 2702 deo
325 2635 480 2701 doliturus
497 2644 571 2712 ent,
588 2634 663 2700 data
679 2635 822 2720 praemia
837 2635 933 2711 nolet,

148 2723 206 2788 sed
222 2720 375 2787 meruisse
392 2720 461 2786 dari
477 2719 556 2786 sciet
571 2719 753 2804 invitusque
769 2718 936 2805 probabit?

149 2829 311 2874 assensere
329 2806 390 2871 dei.
434 2805 573 2871 coniunx
590 2826 717 2891 quoque
733 2805 822 2891 regia
838 2804 908 2870 visa
924 2817 973 2872 est
998 2809 1001 2816 ¹

149 2903 254 2959 cetera
270 2913 335 2958 non
351 2892 446 2968 duro,
464 2890 543 2956 duro
560 2901 667 2956 tamen
683 2890 796 2958 rrltima
813 2891 904 2955 vultu

150 2978 235 3042 dicta
250 2977 358 3042 tulisse
375 2976 462 3042 Iovis
479 2998 578 3060 seque
593 2975 765 3041 indoluisse
782 2986 932 3042 notatam.

148 3063 269 3128 interea
284 3061 507 3146 quodcumque
523 3061 585 3126 fuit
601 3061 782 3148 populabile
799 3061 956 3138 flammae,

112 3172 114 3177 ·
149 3147 310 3213 Mulciber
326 3148 513 3225 abstrderat3
530 3168 590 3214 neo
608 3146 830 3232 cognoscenda
845 3146 996 3212 remansit

149 3231 298 3298 Herculis
316 3232 453 3317 effigies,
470 3232 718 3317 necquicquam
735 3232 777 3298 ab
794 3232 931 3318 imagine
949 3232 1080 3297 ductum

148 3317 257 3383 matris
274 3315 384 3395 habet,
401 3327 588 3402 tantumque
605 3317 691 3383 Iovis
708 3317 843 3468 vestipia
860 3328 974 3382 servat.

148 3415 247 3489 utque
264 3423 367 3468 novus
384 3422 527 3487 serpens,
544 3403 648 3489 posita
665 3425 738 3468 cum
755 3425 795 3488 pe
808 3404 837 3470 le
855 3413 991 3480 senecta,

147 3488 308 3556 luxuriare
325 3486 405 3552 solet
422 3508 616 3570 squamaque
636 3489 737 3554 nitere
751 3488 884 3554 recentia

149 3575 195 3639 sic
212 3573 268 3640 ubi
283 3571 433 3638 mortales
450 3571 634 3657 Tirynthius
653 3576 740 3639 exuit
757 3586 854 3651 artus,

147 3669 238 3746 parte
254 3658 304 3724 sui
321 3657 451 3722 meliore
468 3657 569 3743 viget,
586 3658 749 3742 maiorque
766 3659 866 3725 videri

149 3743 252 3829 coepit
269 3754 301 3808 et
318 3751 455 3828 augusta
471 3741 539 3807 fieri
556 3743 711 3829 gravitate
728 3745 896 3810 verendus.
1187 3764 1237 3815 2⁷0

148 3850 244 3913 quem
261 3839 352 3929 pater
369 3827 567 3912 omnipotens
584 3827 667 3894 inter
683 3848 763 3894 cava
779 3829 890 3896 nubila
906 3841 1033 3915 raptum

147 3914 337 4000 quadriiugo
354 3934 450 3981 curru
465 3912 661 3979 radiantibus
676 3914 784 3980 intulit
801 3913 902 3979 astris.

192 3997 296 4065 Sensit
305 3999 399 4064 Atlas
408 3998 543 4083 pondus.
568 4020 672 4083 neque
681 3998 786 4064 adhuc
796 3998 996 4067 Stheneleius
1005 3999 1068 4068 iras
1079 3998 1204 4077 Alcmene
1213 4004 1237 4049 ⁶³

148 4086 285 4150 solverat
301 4082 511 4170 Eurystheus.
529 4083 701 4169 odiumque
718 4084 752 4150 in
768 4085 857 4178 prole
874 4096 1041 4172 paternum
1079 4064 1224 4120 Gaianae.
