2800 4500
265 292 309 360 54
596 306 632 365 P
651 307 776 366 ovum
792 297 955 367 unsoms

264 441 352 518 pert
338 430 396 498 tibi
413 454 498 499 nunc
514 431 681 534 ipsum-
695 454 756 499 nec
773 432 857 498 enim
875 431 1069 519 praesentior
1085 431 1140 500 illo

265 529 313 584 est
330 518 409 584 deus
426 555 470 566 —
486 521 612 597 admro,
629 530 695 584 tam
712 541 764 585 me
781 517 839 583 tibi
856 541 932 585 vera
947 521 1074 596 referre,

198 625 248 675 tto
265 625 362 687 quam
379 605 446 669 ven⁸
462 604 583 670 maiora
599 604 672 671 fide.
716 615 777 670 stet
778 602 802 669 it
819 625 956 687 aequore
973 605 1089 691 puppis

265 689 351 754 haud
368 690 469 768 aliter,
486 711 584 774 quam
600 690 629 755 si
645 688 765 755 siccum
782 691 895 755 navale
912 702 1042 756 teneret.

264 775 310 839 illi
327 775 518 841 admirantes
535 797 694 876 remorum
711 774 745 839 in
763 775 894 842 verbere
910 786 1052 862 perstant

265 861 400 943 velaque
417 861 579 927 deducunt
595 860 787 946 geminaque
804 882 865 947 ope
882 883 1008 927 currere
1026 870 1191 947 temptant.

264 945 441 1032 impediunt
428 946 593 1012 thederae
610 967 715 1011 remos
731 968 879 1030 nexuque
896 968 1029 1013 recurvo

198 1053 247 1101 ιιι
265 1041 397 1133 serpunt
413 1043 445 1097 et
462 1031 603 1133 gravidis
620 1031 822 1132 distinguunt
838 1034 910 1097 vela
927 1031 1095 1117 corymbis.

265 1117 334 1203 ipse
352 1117 544 1182 racemiferis
561 1117 698 1182 frontem
716 1117 929 1182 circumdatus
946 1118 1017 1182 uvis

264 1201 441 1303 pampineis
459 1202 559 1287 agitat
575 1202 713 1268 velatam
730 1202 895 1269 frondibus
912 1203 1046 1304 hastam.

144 1302 145 1306 ’
266 1309 362 1371 quem
379 1287 463 1353 circa
480 1288 576 1388 tigres
594 1287 851 1371 simulacraque·
842 1288 949 1354 mania
964 1290 1093 1374 lyncum

264 1373 483 1474 pictarumque
499 1373 604 1438 iacent
620 1373 689 1438 fera
706 1394 839 1475 corpora
854 1373 1089 1474 pantherarum.

197 1479 248 1528 tro
265 1458 451 1557 exiluere⁸
421 1459 495 1533 vrri,
513 1458 579 1523 sive
596 1457 683 1523 hoc⁸
674 1458 798 1522 msania
814 1458 891 1524 fecit

265 1544 332 1608 sive
349 1544 459 1621 timor3
474 1543 660 1628 primusque
677 1543 847 1608 Medon⁸
816 1566 995 1645 mgrescere
1012 1545 1117 1646 coepit

265 1650 396 1731 corpore
414 1640 445 1694 et
462 1649 610 1714 expresso
628 1629 738 1714 spinae
755 1629 937 1695 curvamine
953 1631 1047 1696 flecti.

264 1714 376 1800 incrpit
391 1714 466 1780 huic
482 1714 675 1815 Lycabas.‘
677 1715 723 1778 ‘in
742 1735 825 1798 quae
841 1714 1017 1781 miracula'’
1036 1716 1116 1782 dixit

265 1806 285 1837 “
291 1799 465 1865 vertens?
483 1813 515 1866 et
531 1799 663 1865 lati⁸t
604 1810 663 1865 net
662 1822 701 1864 us
719 1811 751 1865 et
768 1800 874 1900 panda
890 1800 1031 1885 loquenti

197 1907 246 1956 ιιι
264 1885 349 1950 naris
366 1896 448 1962 erat,
465 1906 694 1968 squamamque
713 1886 793 1951 cutis
811 1886 924 1951 durata
940 1886 1096 1953 trahebat.

265 1982 298 2036 at
314 1970 419 2073 Libys
435 1971 596 2037 obstantes
614 1971 691 2035 dum
709 1971 778 2036 vult
794 1970 958 2038 obvertere
974 1994 1089 2051 remos,

264 2056 298 2121 in
315 2057 452 2142 spatium
470 2056 589 2123 resilire
605 2079 721 2123 manus
737 2056 834 2122 breve
851 2056 944 2136 vidit,
962 2070 994 2124 et
1010 2059 1081 2124 illas

263 2142 329 2207 iam
345 2163 408 2207 non
426 2165 495 2208 esse
512 2164 640 2218 manus,
657 2141 723 2206 iam
739 2141 853 2228 pinnas
869 2165 963 2244 posse
980 2143 1097 2213 vocari·

265 2229 345 2294 alter
360 2228 427 2293 ad⁸
418 2239 549 2298 intortos
567 2227 698 2314 cupiens
716 2227 791 2294 dare
810 2228 957 2295 bracchia
973 2228 1065 2297 funes

198 2335 248 2385 aso
265 2313 413 2380 bracchia
429 2336 492 2378 non
510 2313 636 2391 habuit,
653 2325 828 2413 truncoque
835 2314 1030 2414 repandus⁸
1021 2338 1053 2379 m
1070 2315 1172 2381 undas

265 2421 396 2499 corpore
414 2398 549 2463 desiluit.
593 2398 710 2463 falcata
726 2398 899 2463 novissima
915 2398 1019 2464 cauda
1035 2411 1093 2477 est,

264 2483 370 2567 qualia
387 2483 537 2549 dimidiae
553 2483 719 2548 sinuantur
735 2504 854 2548 cornua
870 2485 974 2549 lunae.

264 2569 498 2652 undiquet
422 2569 498 2633 dant
514 2569 614 2634 saltu's
630 2569 793 2650 multaque
810 2568 976 2653 aspergine
993 2581 1101 2635 rorant

265 2666 494 2756 emerguntque
510 2653 625 2719 iterum
641 2653 836 2736 redeuntque
852 2653 913 2718 sub
931 2676 1069 2755 aequora
1086 2677 1194 2720 rursus

198 2760 247 2811 685
265 2739 361 2823 inque
379 2739 466 2804 chori
482 2738 598 2804 ludunt
614 2738 752 2839 speciem
769 2737 976 2822 lascivaque⁸
967 2752 1085 2804 lactant

265 2846 398 2909 corpora
414 2834 447 2891 et
456 2835 629 2926 acceptum
645 2824 763 2923 patulis
779 2846 867 2889 mare
884 2824 1015 2889 naribus
1032 2825 1151 2892 efflant.

264 2911 304 2975 de
322 2911 417 2975 modo
522 2921 547 2974 ιι
563 2908 626 2994 (tot
643 2909 729 2974 enim
745 2909 821 2975 ratis
837 2909 893 2974 illa
909 2908 1046 2996 ferebat)

263 2995 421 3061 restabam
433 2908 578 3061 didid
577 2995 730 3080 pavidum
746 2994 951 3080 gelidumque
968 2997 1113 3061 trementi

264 3103 394 3166 corpore
412 3081 530 3165 vixque
546 3103 654 3146 meum
671 3080 776 3145 firmat
793 3080 873 3146 deus
890 3081 1054 3147 “excute
1073 3082 1181 3149 dicens

196 3186 246 3235 tao
263 3167 394 3232 “corde
402 3178 537 3243 metum,
554 3165 716 3248 Diamque
733 3164 844 3231 tene1”
888 3166 972 3231 delat
960 3178 1010 3232 tus
1026 3165 1060 3280 ⁸2⁸⁸
1077 3167 1164 3233 iliam

263 3252 382 3317 accessi
400 3252 511 3326 sacris,
528 3214 740 3333 Baccheaque
758 3251 840 3317 festa
857 3250 1044 3335 frequento!

263 3337 481 3439 ‘praebuimus
497 3336 615 3422 longis’
632 3335 797 3402 Pentheus
813 3336 1017 3422 ‘ambagibus
1035 3337 1141 3403 aures’
1205 3338 1275 3391 Pen-

262 3422 379 3505 inquit,
396 3428 448 3487 ‘ut
464 3422 511 3486 ira
528 3443 617 3486 mora
633 3421 717 3487 vires
734 3421 900 3487 absumere
917 3434 1033 3523 posset.

263 3506 468 3592 praecipitem
484 3506 597 3572 famuli
614 3507 715 3607 rapite
732 3506 832 3583 hunc,
849 3508 1053 3621 cruciataque
1069 3507 1145 3573 diris

261 3675 405 3775 protinus
422 3676 598 3742 abstractus
616 3677 724 3741 solidis
742 3676 926 3778 Tyrrhenus
943 3679 1083 3743 Acoetes

263 3760 445 3827 clauditur⁸
436 3785 470 3826 m
486 3760 591 3826 tectis.
610 3773 642 3826 et
659 3761 737 3825 dum
754 3761 920 3827 crudelia⁸
909 3785 1015 3828 mssae

261 3845 470 3912 instrumenta
486 3847 573 3912 necis
590 3846 799 3930 ferrumque⁸
789 3868 943 3932 rgnesque
958 3858 1120 3949 parantur,

263 3943 375 4016 sponte
392 3954 450 3996 sua
467 3931 607 4015 patuisse
624 3932 724 4008 fores,
741 3931 910 4081 lapsasque
927 3932 1052 3999 lacertis

195 4035 245 4084 too
263 4028 376 4101 sponte
393 4038 452 4081 sua
468 4016 556 4080 fama
572 4027 621 4081 est
608 4017 725 4081 tnullo
743 4038 778 4081 so
773 3953 884 4083 ivente
902 4029 1039 4083 catenas.

305 4099 431 4167 Perstat
448 4099 651 4178 Echionides.
694 4124 754 4167 nec
770 4100 836 4168 iam
852 4102 966 4207 iuhet⁸
957 4126 1017 4182 ne,
1034 4102 1116 4169 sed
1106 4126 1174 4192 lpse

1394 3187 1396 3276 ι

1393 3267 1395 3336 i

196 3611 244 3659 sss
263 3612 395 3691 corpora
412 3592 632 3658 tormentis
594 3589 654 3676 S
631 3592 726 3676 ygiae
745 3591 897 3657 demittite
913 3592 1018 3657 nocti.’
