2800 4500
267 246 330 324 248
601 267 635 333 1³,
653 269 779 328 55155
796 268 959 328 umorue

265 394 335 459 illas
353 391 504 478 virgineis
522 403 670 458 exercent
686 391 809 459 lusibus
826 391 928 458 undas

265 479 386 545 Naides
402 498 592 562 aequoreae,
611 478 762 563 durisque
778 478 812 543 in
828 478 988 544 montibus
1006 488 1092 545 ortae

265 564 360 629 molle
377 562 494 629 fretum
512 563 686 641 celebrant,
705 585 765 630 nec
782 586 836 630 555
853 587 912 630 555
928 563 1031 650 tangit
1047 564 1148 651 origo.

265 670 331 714 non
347 660 454 714 tamen
471 648 602 727 oblitae,
620 669 719 732 quam
734 649 837 714 multa
852 649 993 735 pericula
1010 672 1106 715 saevo

198 755 249 806 500
266 734 452 821 pertulerint
468 735 593 820 pelago,
610 734 734 800 iactatis
752 757 848 820 saepe
865 735 979 800 carinis

266 843 325 906 sup
349 842 461 885 osuerc
478 842 606 898 manus,
623 819 730 885 nisisi
747 842 812 904 qua
828 819 965 887 vehebat
981 820 1134 886 Achivos.

266 907 316 971 cla
339 905 347 920 ⁰
383 905 488 970 adhuc
504 904 667 991 Phrygiae
683 926 840 971 memores
857 905 952 972 odere
968 905 1139 992 Pelasgos3

264 990 469 1075 Neritiaeque
486 990 563 1055 ratis
580 991 729 1056 viderunt
745 990 903 1077 fragmina
919 991 1010 1058 155115

265 1075 421 1154 vultibus,
438 1086 470 1141 et
486 1076 576 1147 laetis
594 1076 701 1141 videre
718 1075 875 1162 rigescere
892 1099 1032 1163 puppem

198 1183 248 1233 555
266 1162 407 1245 vultibus
423 1161 553 1226 Alcinoi
570 1182 746 1246 saxumque
762 1163 937 1228 increscere
953 1163 1051 1249 ligno.

309 1246 391 1334 Spes
408 1258 490 1325 erat,
507 1247 541 1311 in
557 1247 714 1331 nymphas
732 1247 871 1312 animata
887 1248 988 1313 515555
1004 1247 1142 1315 marinas
1171 1265 1294 1337 (Ardea.)

264 1355 358 1420 posse
374 1342 462 1397 metu
479 1332 612 1397 monstri
628 1332 785 1398 Rutulum
803 1332 952 1400 desistere
970 1333 1063 1399 bello.

265 1427 394 1519 perstat.
419 1417 579 1501 habetque
592 1418 668 1483 deos
681 1440 756 1503 pars
768 1429 917 1502 utraque;
934 1419 1084 1503 quodque
1097 1421 1229 1487 deorum
1242 1434 1295 1489 est

265 1515 373 1579 515151,
390 1502 509 1568 habent
525 1503 657 1567 animos.
700 1525 760 1569 nec
776 1503 840 1568 iam
858 1504 976 1569 dotalia
991 1526 1091 1591 regna

200 1608 250 1659 555
266 1611 327 1654 550
344 1600 504 1674 sceptrum
522 1587 622 1654 soceri
639 1609 699 1654 555
716 1600 762 1667 15,
780 1588 918 1654 Lavinia
934 1589 1035 1675 virgo,

267 1675 323 1740 sed
340 1673 454 1740 vicisse
471 1683 597 1759 petunt,
615 1673 858 1759 deponendique
874 1673 998 1760 pudore

266 1760 350 1825 bella
366 1769 492 1845 gerunt.
535 1758 727 1843 tandemque
744 1758 857 1826 Venus
875 1759 1015 1825 victricia
1032 1761 1098 1826 nati

267 1868 356 1910 arma
372 1844 473 1922 videt,
490 1844 682 1928 Tomosque
700 1845 799 1923 cadit3
818 1844 902 1912 cadit
918 1846 1043 1924 Ardea,
1060 1846 1171 1912 Turno

267 1930 384 2016 sospite
401 1930 485 1995 dicta
502 1941 624 2015 potens.
667 1952 765 2014 quam
781 1941 948 2017 postquam
965 1931 1137 1998 Dardanus
1154 1933 1238 2019 ignis

199 2036 248 2086 575
268 2015 412 2092 abstulit,
430 2027 463 2082 et
479 2016 586 2101 tepida
602 2016 763 2082 latuerunt
781 2027 864 2082 15515
880 2016 999 2094 favilla,

267 2101 415 2188 congerie
433 2124 451 2167 e
467 2101 657 2166 mediatum
673 2101 812 2187 primum
830 2102 957 2188 cognita
973 2126 1106 2189 praepes

267 2187 414 2254 subvolat
431 2197 463 2253 et
479 2187 600 2255 cineres
616 2187 736 2274 plausis
754 2187 1004 2255 everberatalis.

267 2284 299 2339 51
316 2296 412 2338 55555
431 2284 462 2338 51
479 2272 596 2339 macies
614 2284 646 2339 et
662 2273 765 2359 pallor
782 2288 814 2339 et
831 2273 951 2351 omnia,
969 2287 1094 2360 captam
1170 2313 1174 2318 ·

167 2394 170 2400 ·
266 2381 349 2443 quae
367 2358 500 2423 deceant
516 2358 643 2435 urbem,
660 2379 777 2423 nomen
794 2379 921 2443 quoque
938 2360 1054 2425 mansit
1069 2362 1103 2426 in
1120 2362 1176 2429 illa

200 2464 250 2515 580
267 2443 368 2508 urbis:
387 2455 419 2509 et
436 2444 505 2528 ipsa
522 2443 587 2508 suis
606 2443 808 2529 deplangitur
824 2446 935 2510 Ardea
951 2445 1073 2531 pennis.

308 2528 441 2611 Iamque
459 2528 535 2593 deos
552 2549 662 2594 omnes
678 2529 844 2613 ipsamque
860 2530 986 2598 Aeneia
1002 2532 1102 2597 virtus
1130 2532 1232 2614 Aeaeae
1243 2536 1292 2591 Ia·

266 2615 423 2679 Iunonem
440 2624 562 2679 veteres
579 2613 670 2679 finire
688 2627 836 2700 coegerat
852 2614 930 2680 iras:
1168 2602 1248 2671 11913·

267 2722 355 2776 5515,
373 2698 453 2764 bene
470 2698 610 2764 fundatis
628 2698 742 2785 opibus
760 2701 928 2766 crescentis
945 2701 1018 2779 Iuli,

202 2839 204 2848 .
267 2784 472 2869 tempestivus
490 2795 558 2849 erat
575 2785 661 2850 caelo
679 2783 871 2869 Cythereius
888 2786 991 2853 heros.
1030 2831 1032 2834 .

199 2892 249 2943 555
267 2870 482 2955 ambieratque
499 2869 611 2936 Venus
629 2892 771 2956 superos,
788 2874 934 2955 colloque
950 2872 1089 2957 parentis

267 2956 459 3021 circumfusa
475 2956 525 3021 sui
543 2963 731 3040 ‘numquam
748 2956 839 3023 mihi'
857 2958 980 3023 dixerat
997 2959 1076 3023 ‘ullo

267 3054 408 3126 ternpore
426 3040 504 3107 dure
520 3054 621 3127 pater,
638 3064 724 3108 nunc
741 3042 784 3107 515
801 3043 998 3119 mitissimus,
1015 3055 1101 3130 opto,

266 3128 461 3211 Aeneaeque
478 3148 560 3204 meo,
577 3127 681 3211 quite
699 3128 739 3192 (15
757 3128 911 3213 sanguine
928 3140 1035 3194 nostro

266 3212 342 3278 fecit
359 3235 468 3288 avum,
486 3213 631 3295 quamvis
648 3235 784 3299 parvum
801 3215 871 3290 des,
888 3214 1022 3299 optime,
1040 3237 1169 3293 numen,

199 3319 249 3369 590
267 3299 343 3363 dum
361 3298 457 3363 modo
474 3298 530 3363 des
548 3298 686 3381 aliquod.
730 3298 805 3364 55115
823 3311 871 3364 551
887 3298 1057 3366 inamabile
1073 3323 1209 3385 regnum

267 3383 427 3469 aspexisse
445 3384 556 3461 semel,
575 3382 706 3469 Stygios
723 3385 822 3449 semel
838 3384 901 3449 isse
918 3407 976 3469 per
992 3387 1122 3451 amnes?

267 3491 428 3536 assensere
445 3468 506 3533 dei.
549 3490 609 3533 neo
626 3467 766 3534 coniunx
781 3468 870 3554 regia
887 3470 994 3536 vultus

265 3553 413 3620 immotos
431 3553 545 3630 tenuit,
562 3554 751 3640 placatoque
768 3554 878 3619 adnuit
896 3576 960 3622 ore.

202 3687 203 3693 κ
266 3650 335 3706 turn
352 3651 443 3726 pater
460 3638 564 3704 ‘estis’
582 3639 625 3704 ait
643 3639 786 3706 ‘caelesti
802 3662 934 3706 munere
956 3640 1055 3728 digni,

1208 979 1226 1019 ὁ

199 3744 248 3795 505
265 3746 412 3809 0555055
428 3725 520 3811 petis,
537 3746 595 3810 pro
607 3746 735 3808 quoque
753 3725 844 3810 petie.
869 3747 957 3811 cape,
974 3737 1059 3806 nata,
1077 3729 1163 3812 quod
1176 3733 1289 3816 optas?
1388 3739 1389 3748 ³

266 3811 352 3875 15155
369 3821 446 3874 5151.
488 3810 608 3895 gaudet
624 3823 793 3895 gratesque
810 3809 877 3897 agit
892 3811 947 3877 illa
963 3813 1096 3898 parenti,

290 3914 387 3978 erque
403 3894 489 3959 leves
507 3917 600 3961 auras
617 3894 732 3960 iunctis
749 3896 875 3963 invecta
891 3896 1046 3963 columbis

266 3916 342 4042 11155
359 3977 425 4042 adit
441 3978 601 4056 Laurens,
620 3980 677 4045 ubi
694 3991 797 4048 tectus
813 3981 990 4049 harundine
1006 3982 1105 4071 serpit

266 4060 301 4131 in
316 4060 398 4134 freta
414 4062 571 4133 flumineis
588 4064 692 4136 vicina
709 4065 877 4138 Numicius
894 4067 997 4139 unos.
1109 4115 1111 4120 ,
