2800 4500
202 236 205 243 ’
240 240 302 307 146
405 261 410 269 ·
447 259 451 263 ’
574 249 607 304 Ρ.
626 248 751 306 ovmn
767 242 930 303 nisurus

145 379 151 392 '
239 375 374 464 “accipe
391 372 643 523 me‘peneruml'
662 370 729 436 dixi
746 369 951 435 “Parthaone
968 365 1082 433 nate2'’

240 462 321 527 dixit
337 472 368 526 et
385 460 459 524 Alci
483 481 526 523 es.
569 457 623 522 alii
640 479 764 522 cessere
781 455 915 520 duobus.

238 548 292 612 ille
309 546 420 612 Iovem
437 566 582 610 socerum
599 541 675 609 dare
693 565 742 618 se,
759 541 940 624 famamque
956 539 1112 615 laborum,

171 688 173 693 ,
190 652 223 702 m
240 644 273 698 et
289 641 437 717 superata
454 651 531 695 suae
547 627 706 702 referebat
721 627 808 691 iussa
823 647 988 691 novercae.

241 728 351 783 contra
367 737 428 803 ego
446 722 565 800 “turpe
583 712 679 780 deum
696 710 821 777 mortali
838 711 973 777 cedere''
992 710 1058 775 dixi

161 822 164 828 ·
241 801 397 886 (nondum
413 812 482 867 erat
497 800 550 865 ille
568 798 675 884 deuel:
700 803 835 881 “regem
853 819 905 863 me
923 796 1024 862 cernis
1041 816 1196 879 aquarum

241 886 386 954 cursibus
404 885 540 969 obliquis
557 883 640 951 inter
656 893 712 948 tua
727 903 828 967 regna
843 882 1005 957 fluentum.
1143 892 1146 899 '

241 995 301 1041 nec
316 993 416 1059 gener
432 970 568 1037 externis
585 969 701 1053 hospes
718 967 777 1032 tibi
793 967 909 1032 missus
926 966 968 1031 ab
984 965 1058 1043 oris,

171 1120 174 1125 .
192 1081 226 1130 ao
243 1059 299 1126 sed
315 1057 476 1146 popularis
494 1077 548 1123 ero
566 1066 598 1121 et
614 1077 720 1119 rerum
737 1076 812 1138 pars
828 1075 894 1118 una
909 1062 1046 1117 tuarum.

242 1157 366 1211 tantum
383 1165 424 1208 ne
440 1151 566 1218 noceat,
584 1140 670 1224 quod
688 1162 740 1206 me
756 1159 817 1204 nec
832 1137 921 1224 regia
937 1136 1019 1202 Iuno

199 1305 201 1308 y
242 1231 323 1308 odit,
341 1241 373 1296 et
389 1228 490 1293 omnis
508 1226 600 1292 abest
615 1225 773 1290 iussorum
790 1246 892 1310 poena
908 1223 1063 1288 laborum.

242 1339 331 1391 nam,
349 1335 412 1399 quo
431 1324 463 1378 te
479 1312 592 1387 iactas,
610 1311 767 1376 Alcmena
778 1322 872 1387 nate,
890 1320 1041 1380 creatum,
1121 1371 1123 1375 .

243 1401 397 1487 Iuppiter,
416 1408 471 1464 aut
487 1398 587 1462 falsus
604 1408 695 1483 pater
713 1407 761 1461 est
778 1407 833 1460 aut
850 1394 979 1459 crimine
996 1414 1101 1459 verus.

192 1506 226 1557 at
243 1485 353 1550 matris
370 1483 525 1549 adulterio
542 1494 666 1568 patrem
683 1481 774 1567 petis.
818 1480 914 1566 elige,
931 1480 1042 1544 fiotum

243 1593 313 1637 esse
330 1569 441 1635 Iovem
457 1567 565 1645 malis,
582 1590 624 1631 an
640 1577 672 1633 te
690 1589 748 1652 per
764 1565 902 1631 dedecus
919 1562 1054 1630 ortum.'’

243 1655 320 1721 talia
337 1654 494 1720 dicentem
510 1650 697 1718 iamdudum
713 1652 832 1716 lumine
849 1661 940 1715 torvo

244 1750 366 1827 spectat
384 1752 416 1805 et
431 1760 583 1805 accensae
598 1758 664 1805 non
680 1736 804 1802 fortiter
819 1736 954 1822 imperat
969 1736 1045 1811 irae,

245 1826 405 1910 verbaque
423 1835 470 1890 tot
485 1823 603 1890 reddite
623 1822 760 1888 “melior
775 1821 853 1886 mihi
871 1823 1001 1888 dextera
1016 1821 1137 1906 lingua.

194 1931 229 1985 ao
245 1910 416 1977 dummodo
432 1908 606 1996 pugnando
623 1930 785 1993 superem,
802 1917 838 1972 tu
855 1907 946 1973 vinee
961 1904 1145 1989 loquendo''

226 1996 514 2084 .congrediturque
531 1994 632 2060 ferox.
675 1992 791 2079 puduit
806 1992 901 2059 modo
918 2014 1035 2078 magna
1050 1993 1193 2057 locutum

246 2082 372 2149 cederet
389 2080 484 2148 reieci
500 2080 635 2147 viridem
652 2081 693 2145 de
710 2100 841 2165 corpore
858 2088 978 2144 vestem

245 2167 456 2252 bracchiaque
473 2165 607 2254 opposui
625 2164 776 2248 tenuique
793 2188 813 2230 a
829 2174 956 2250 pectore
974 2184 1066 2228 varas
1088 2226 1090 2231 ,

246 2254 278 2320 in
296 2253 431 2320 statione
448 2275 576 2329 manus,
595 2263 627 2317 et
643 2273 773 2351 pugnae
789 2250 931 2316 membra
970 2246 1068 2315 aravi.

195 2358 228 2408 85
245 2341 299 2406 ille
316 2339 402 2410 cavis
420 2338 533 2403 hausto
551 2347 673 2423 spargrt
688 2359 741 2401 me
757 2336 888 2422 pulvere
905 2272 1028 2422 pniinis,

245 2425 343 2510 inque
359 2424 463 2489 vicem
479 2422 587 2488 fulvae
604 2432 691 2486 tactu
709 2422 850 2487 flavescit
865 2422 1013 2488 harenae

247 2522 279 2575 et
294 2509 390 2575 modo
407 2508 577 2583 cervicem,
595 2507 690 2571 modo
708 2528 800 2572 crura
815 2506 965 2572 micantia
981 2515 1098 2592 captat,

246 2607 303 2660 aut
319 2605 447 2680 captare
464 2603 571 2678 putes,
590 2592 739 2675 omnique
756 2615 776 2657 a
792 2602 882 2678 parte
898 2591 1033 2657 lacessit

246 2703 298 2746 me
314 2702 386 2745 mea
403 2677 545 2744 defendit
599 2677 716 2754 avitas,
732 2676 913 2761 frustraque
930 2677 1076 2764 petebarz

196 2785 230 2834 to
250 2764 335 2829 haud
352 2785 443 2830 secus
460 2785 499 2829 ac
515 2785 629 2838 moes,
647 2785 744 2847 quam
760 2784 877 2849 magno
910 2771 1072 2828 murmure
1088 2762 1203 2829 fluctus

247 2860 447 2951 oppugnant3
464 2861 571 2914 manet
587 2848 642 2912 illa
658 2869 779 2932 suoque
797 2859 846 2913 est
862 2849 1001 2934 pondere
1018 2859 1096 2912 tuta.

247 2934 442 3021 drgredimur
457 2935 588 3020 paulum
606 2954 778 3017 rursusque
795 2933 837 2998 ad
854 2933 937 2999 bella
954 2933 1085 3010 coimus,

246 3020 343 3103 inque
359 3019 463 3105 gradu
481 3019 639 3097 stetimus,
658 3019 736 3084 certi
751 3041 816 3086 non
834 3020 960 3098 oedere3
978 3030 1108 3102 eratque

248 3128 320 3171 cum
338 3104 418 3192 pede
459 3127 493 3170 es
509 3102 650 3182 iunctus,
668 3115 799 3188 totoque
816 3125 877 3191 ego
893 3115 1020 3190 pectore
1037 3125 1155 3189 pronus

195 3210 229 3260 45
247 3202 279 3257 et
296 3189 411 3276 digitos
452 3188 535 3275 'gitis
553 3200 584 3254 et
600 3189 738 3255 frontem
755 3189 858 3255 fronte
875 3189 1068 3275 premebam.

246 3299 311 3341 non
328 3274 418 3341 aliter
435 3274 500 3340 vidi
517 3274 614 3339 fortes
633 3295 819 3340 concurrere
837 3285 954 3351 tauros,

247 3384 320 3427 cum
337 3360 473 3461 pretium
492 3381 619 3446 pugnae
636 3369 703 3423 toto
720 3358 909 3424 nitidissima
924 3359 1008 3425 saltu

246 3457 404 3532 expeutur
420 3445 568 3512 coniunx.
612 3453 757 3530 spectant
773 3453 915 3510 armenta
931 3456 1122 3531 paventque,

246 3531 368 3609 nescia,
385 3553 481 3615 quem
497 3539 625 3596 maneat
642 3528 722 3594 tanti
739 3527 870 3595 victoria
886 3530 987 3616 regni.

196 3637 230 3687 oo
247 3628 295 3681 ter
312 3616 379 3681 sine
419 3615 542 3682 rofectu
559 3614 660 3680 voluit
676 3614 809 3679 nitentia
826 3626 935 3680 contra

246 3701 364 3767 reicere
427 3700 512 3766 eides
530 3723 550 3765 a
567 3723 602 3766 se
619 3722 691 3765 mea
708 3710 849 3785 pectora:
867 3711 981 3785 quarto

248 3783 368 3850 excutit
384 3786 548 3870 amplexus
566 3784 767 3868 adductaque
784 3784 931 3851 bracchia
948 3786 1056 3852 solvitc

247 3868 482 3953 impulsumque
499 3892 596 3935 manu
612 3905 657 3917 -
673 3881 795 3935 certum
812 3888 860 3935 est
876 3871 954 3936 mihi
971 3894 1047 3937 vera
1063 3870 1157 3938 fateri
1172 3907 1217 3921 -

197 4001 204 4028 .,
247 3952 391 4039 protinus
407 3955 535 4031 avertit,
551 3966 705 4040 tergoque
722 3975 873 4020 onerosus
890 3955 1034 4021 inhaesit.
1121 3984 1124 3990 ·

197 4057 231 4108 oo
248 4037 275 4103 si
292 4058 356 4123 qua
371 4036 450 4103 fides
468 4036 688 4130 (nequeenim
706 4039 780 4107 ficta
796 4040 874 4107 mihi
890 4041 992 4128 gloria
1009 4062 1088 4109 voce
