2800 4500
292 302 660 361 METAMORPHOSEON
676 305 751 361 LIB.
769 307 820 364 IV.
838 308 983 365 448-535.
1105 295 1146 363 67

121 447 259 514 parsque
276 426 381 493 iacent
398 428 529 506 umeris,
546 451 621 514 pars
639 428 759 494 circum
775 442 905 516 pectora
922 433 1030 517 lapsae

123 512 215 579 sibila
233 513 311 577 dant
328 511 512 596 saniemque
530 525 663 579 vomunt
680 515 853 600 linguaque
871 531 1048 583 coruscant.

121 600 196 665 inde
214 596 294 663 duos
311 599 423 664 mediis
441 600 600 686 abrumpit
618 600 757 665 crinibus
776 624 908 686 angues,

146 684 336 767 estiferaque
352 707 451 749 manu
467 697 575 771 raptos
591 685 735 752 immisit:
753 697 786 751 at
803 687 849 751 illi

164 791 283 853 oosque
301 770 389 834 sinus
405 769 700 855 Athamanteosque
718 782 881 857 pererrant

121 855 337 940 inspirantque
354 877 468 940 graves
486 856 617 921 animas.
660 879 721 922 nec
737 859 869 923 vulnera
885 859 1035 926 membris

122 942 190 1006 ulla
206 939 326 1006 feruntr
344 963 434 1007 mens
452 954 514 1016 est,
531 963 614 1025 quae
631 943 717 1007 diros
734 944 849 1008 sentiat
866 943 958 1009 ictus.

123 1026 273 1092 attulerat
289 1047 396 1091 secum
414 1026 526 1110 liquidi
544 1049 670 1112 quoque
689 1041 829 1094 monstra
846 1030 971 1107 veneni,

123 1111 188 1177 oris
207 1108 358 1176 Cerberei
375 1134 504 1197 spumas
522 1124 553 1178 et
570 1113 658 1178 virus
675 1113 851 1189 Echidnae,

124 1218 307 1280 erroresque
325 1219 424 1282 vagos
442 1220 620 1282 caecaeque
637 1198 756 1264 oblivia
773 1200 896 1276 mentis,

123 1294 156 1349 et
172 1283 276 1348 scelus
293 1293 325 1347 et
340 1283 485 1348 lacrimas
501 1285 686 1367 rabiemque
704 1296 735 1350 et
753 1284 859 1350 caedis
876 1307 1025 1364 amorem,

123 1368 230 1433 omnia
247 1367 321 1432 trita
337 1368 444 1443 simul;
462 1391 544 1453 quae
562 1369 717 1454 sanguine
734 1371 833 1434 mixta
850 1371 969 1437 recenti

124 1465 253 1520 coxerat
268 1476 342 1519 aere
360 1475 453 1529 cavo,
469 1454 562 1519 viridi
579 1466 704 1520 versata
721 1456 834 1520 cicuta.

124 1540 264 1623 dumque
281 1551 398 1625 pavent
414 1538 474 1616 illi,
485 1540 588 1625 vergit
601 1540 715 1605 furiale
734 1562 891 1606 venenum

122 1637 233 1710 pectus
251 1624 284 1688 in
302 1625 468 1689 amborum
484 1625 733 1711 praecordiaque
750 1626 860 1690 intima
877 1627 986 1693 movit.

123 1723 191 1775 tum
208 1710 279 1775 face
295 1708 411 1774 iactata
427 1732 485 1796 per
501 1711 638 1776 eundem
656 1711 910 1797 saepius'orbem

123 1795 326 1878 consequitur
342 1794 435 1860 motis
452 1796 602 1861 velociter
617 1796 629 1861 i
674 1796 747 1861 ibus
763 1797 864 1883 ignes.

122 1881 169 1946 sic
186 1879 298 1945 victrix
316 1880 456 1963 iussique
473 1892 586 1965 potens
603 1819 672 1946 a?
662 1882 769 1946 inania
785 1882 894 1968 magni

121 1989 222 2032 reona
239 1965 320 2031 redit
336 1965 422 2029 Ditis
440 1978 665 2052 sumptumque
681 1967 855 2053 recingitur
871 1990 1020 2053 anguem.

156 2021 317 2116 l'rotinus
333 2051 486 2116 Aeolides
502 2052 609 2117 media
624 2051 816 2116 furibundus
833 2053 866 2117 in
885 2053 958 2116 aula

123 2137 239 2202 clamat
256 2135 316 2214 ίἰο,
333 2136 478 2213 comites,
496 2135 545 2201 his
562 2136 642 2203 retia
659 2137 778 2202 tendite
795 2137 896 2201 silvis!

122 2221 176 2287 hic
192 2222 287 2287 modo
304 2243 377 2287 cum
394 2221 522 2308 gemina
539 2222 608 2287 visa
625 2234 672 2288 est
689 2222 768 2287 mihi
784 2224 872 2308 prole
889 2222 1020 2301 leaena,’

123 2319 221 2391 utque
238 2307 339 2385 ferae,
357 2307 499 2391 sequitur
516 2309 650 2394 vestigia
667 2309 811 2395 coniugis
829 2332 954 2373 amens:

123 2395 226 2477 deque
244 2393 315 2457 sinu
332 2394 440 2458 matris
457 2393 612 2459 ridentem
629 2405 661 2459 et
677 2417 778 2480 parva
795 2394 976 2459 Learchum

123 2478 270 2543 bracchia
287 2479 469 2544 tendentem
485 2479 568 2564 rapit
585 2490 618 2544 et
633 2478 684 2545 bis
701 2491 811 2581 terque
829 2503 886 2565 per
903 2502 996 2544 auras

121 2586 208 2629 more
225 2575 308 2629 rotat
325 2564 459 2641 fundae,
476 2563 642 2650 rigidoque
660 2564 794 2629 infantra
811 2588 888 2629 saxo

122 2649 250 2716 discutit
267 2672 324 2713 ora
340 2649 441 2714 ferox.
484 2660 553 2714 tum
572 2650 708 2734 denique
726 2650 850 2715 concita
867 2663 978 2726 mater,

122 2758 178 2801 seu
196 2736 286 2799 dolor
302 2734 364 2800 hoc
380 2734 457 2800 fecit
474 2758 531 2800 seu
548 2736 650 2821 sparsi
667 2758 764 2800 causa
781 2736 904 2811 veneni,

122 2820 265 2886 exululat
281 2820 447 2905 passisque
463 2819 547 2905 fugit
564 2822 646 2886 male
665 2843 743 2885 sana
760 2821 892 2906 capillis,

122 2917 217 2990 teque
234 2906 339 2971 ferens
355 2928 491 2991 parvum
507 2906 617 2983 nudis,
634 2906 818 2980 Melicerta,
835 2906 959 2970 lacertis

122 2991 238 3056 ‘euhoe
256 2990 398 3056 Bacche'
415 3002 516 3056 sonat.
559 2991 680 3056 Bacchi
697 2991 758 3055 sub
774 2991 901 3055 nomine
919 2991 1000 3054 Iuno

122 3076 191 3140 risit
209 3088 240 3141 et
257 3076 330 3141 ‘hos
346 3098 423 3141 usus
440 3087 579 3161 praestet
596 3076 668 3141 tibi'
687 3075 767 3140 dixit
784 3076 965 3140 ‘alumnus’

122 3161 265 3226 imminet
283 3161 472 3245 aequoribus
490 3162 639 3246 scopulus
644 3186 653 3239 3
670 3183 745 3246 pars
762 3160 827 3225 ima
844 3173 975 3225 cavatur

122 3246 270 3311 fluctibus
287 3256 435 3310 attactas
453 3245 593 3312 defendit
611 3247 653 3310 ab
669 3246 825 3311 imbribus
843 3246 955 3322 undas,

122 3354 247 3396 summa
263 3330 346 3416 riget
362 3331 561 3415 frontemque
577 3331 611 3396 in
628 3342 773 3417 apertum
790 3331 923 3417 porrigit
940 3352 1069 3415 aequor.

122 3429 257 3502 occupat
274 3415 360 3479 hunc
375 3451 419 3462 —
434 3416 518 3481 vires
534 3416 658 3481 insania
673 3416 793 3482 fecerat
809 3451 853 3463 -—
869 3416 939 3492 Ino,
1115 3417 1118 3424 “

122 3523 220 3585 saque
237 3523 333 3587 super
349 3511 482 3586 pontum
498 3502 585 3566 nullo
603 3503 726 3566 tardata
743 3502 855 3566 timore

121 3586 218 3651 mittit
234 3608 377 3671 onusque
395 3609 498 3650 suum.
540 3609 690 3672 percussa
708 3587 871 3652 recanduit
888 3586 985 3650 unda.

122 3684 155 3737 at
172 3672 284 3738 Venus
300 3671 476 3737 immeritae
492 3672 596 3757 neptis
613 3672 762 3737 miserata
778 3671 903 3736 labores

122 3756 168 3822 sic
183 3767 298 3842 patruo
314 3755 458 3821 blandita
474 3778 532 3820 suo
550 3768 612 3822 est:
631 3764 665 3822 ‘o
682 3779 801 3822 numen
818 3777 982 3840 aquarum,

121 3843 267 3928 proxima
284 3841 336 3907 cui
353 3841 441 3907 caclo
460 3840 567 3916 cessit,
584 3842 742 3928 Neptune,
761 3854 911 3927 potestas,

121 3951 239 4012 magna
256 3927 384 4010 quidem
400 3948 512 4012 pos00‚
531 3926 586 3991 sed
604 3940 640 3991 tu
657 3927 805 3992 miserere
823 3949 976 4004 meorum,

120 4013 231 4079 iactari
248 4034 328 4095 quos
346 4013 448 4077 cernis
464 4013 497 4076 in
513 4012 603 4076 Ionio
619 4013 785 4088 immenso,

121 4114 154 4170 et
171 4097 221 4165 dis
239 4097 321 4166 adde
339 4097 412 4165 tuis.
456 4096 564 4185 aliqua
580 4108 611 4166 et
628 4098 706 4163 mihi
722 4097 825 4187 gratia
841 4108 938 4188 ponto
956 4109 1014 4176 est,

939 4198 974 4254 50
