2800 4500
224 213 308 300 [158
576 243 609 297 r.
629 241 754 300 omnn
771 239 935 299 nasonis
1006 232 1036 279 ἃ
1096 276 1098 279 -

245 366 353 432 oscula
370 365 478 432 sentiri
495 388 559 431 non
577 388 646 432 esee
664 364 784 430 sororia
800 375 936 451 possent.

177 470 228 521 545
244 453 314 539 ipsa
330 462 451 529 tamen,
467 452 613 535 quamvis
630 450 736 517 animo
752 472 850 537 grave
867 453 983 516 vulnus
999 449 1167 533 habebam,

244 538 389 622 quamvis
406 536 490 601 intus
509 547 576 602 erat
592 537 682 602 furor
697 536 825 622 igneus,
843 535 950 600 omnia
965 534 1039 613 feci,

244 622 333 706 (sunt
350 622 427 725 mihi
444 621 614 723 dittestps),
631 632 668 687 ut
684 621 813 724 tandem
831 620 937 723 sanior
953 642 1070 687 essemt

174 810 180 831 ‹·
243 708 527 880 lltttlttlt
536 709 680 879 ltltt,
692 704 1050 878 5551555555

176 897 226 947 545
243 901 337 966 posse
353 889 460 965 putes,
478 900 538 964 ego
556 878 636 944 dura
652 878 721 943 tuli.
764 888 912 964 superata
929 877 1020 943 fateri

244 986 342 1052 cogor
358 986 515 1050 opemque
533 974 621 1029 tuam
637 963 756 1028 timidis
773 984 944 1049 exposcere
960 962 1052 1028 votis.

244 1063 280 1116 tu
297 1072 423 1116 servare
440 1060 544 1136 potes,
562 1063 597 1114 tu
614 1049 748 1135 perdere
765 1049 851 1114 solus
869 1059 1044 1114 amantemz
1136 1067 1138 1070 ’

244 1135 284 1202 eli
309 1159 340 1213 5,
358 1146 465 1200 utrum
483 1134 596 1200 faciasl
631 1156 695 1199 non
713 1134 773 1199 hoc
790 1134 919 1199 inimica
934 1144 1092 1220 precatur,

173 1228 183 1273 i
238 1158 308 1287 sed
318 1243 414 1305 quae,
433 1242 506 1285 cum
523 1220 581 1285 tibi
598 1219 639 1286 sit
654 1219 866 1297 iunctissima,
883 1218 1019 1285 iunctior
1035 1240 1105 1285 esso

176 1322 227 1375 550
245 1307 364 1392 expetit
380 1316 412 1372 et
428 1306 533 1371 vinclo
550 1317 656 1372 tecum
672 1305 819 1407 propiore
835 1305 938 1392 ligari.

244 1392 314 1458 iura
332 1414 422 1458 senes
439 1391 545 1457 norint
561 1401 607 1470 et,
625 1392 702 1477 quid
719 1392 875 1475 liceatque
891 1389 1046 1474 nefasque

244 1478 357 1562 fasque
374 1477 428 1555 sit,
445 1476 605 1562 inquirant
620 1477 793 1563 legumque
810 1476 957 1543 aomina
974 1484 1109 1542 servent.

245 1562 435 1629 conveniens
452 1564 564 1629 Venus
581 1573 630 1628 est
646 1564 737 1627 annis
754 1561 922 1628 temeraria
937 1560 1063 1627 nostr-is.

172 1672 176 1693 ¹
244 1649 322 1733 quid
338 1648 432 1714 liceat
447 1648 606 1714 nescimus
623 1648 743 1727 adhuc,
760 1658 792 1714 et
809 1658 923 1713 cuncta
938 1648 1034 1713 licere

177 1751 227 1801 555
245 1733 403 1800 credimus
420 1744 452 1800 et
469 1733 632 1818 sequimur
647 1754 837 1820 magnorum
854 1733 1000 1819 exempla
1017 1731 1159 1798 deorum.
1193 1806 1196 1813 ,

244 1841 302 1885 nec
319 1840 377 1885 nos
394 1830 450 1884 aut
466 1820 564 1885 durus
581 1829 672 1905 pater
689 1830 746 1884 aut
761 1818 937 1886 reverentia
952 1817 1059 1884 famae

245 1917 301 1970 aut
318 1905 411 1970 timor
427 1904 577 1992 impediet
594 1904 733 1989 (tantum
750 1905 791 1970 sit
807 1925 905 1970 causa
920 1901 1096 1988 timendil):

245 1991 351 2056 dulcia
367 1991 506 2057 fraterno
522 1990 583 2056 sub
599 1990 728 2057 nomine
746 1991 831 2056 furta
847 2001 1002 2076 tegemus.

172 2105 177 2121 ·
244 2088 293 2143 est
310 2075 388 2142 mihi
404 2075 532 2143 libertas
549 2087 656 2142 tecum
673 2088 795 2143 secreta
811 2075 972 2160 loquendi,
1031 2079 1037 2089 ’
1150 2092 1152 2096 “

177 2179 229 2230 555
245 2173 277 2228 55
294 2162 406 2228 damus
424 2163 589 2250 amplexus
606 2171 639 2228 et
655 2162 817 2248 iungimus
834 2162 943 2227 oscula
959 2181 1075 2226 coram.

204 2327 207 2336 1
242 2260 397 2333 quantum
415 2259 477 2326 est,
496 2247 584 2332 quod
601 2247 700 2314 desit?
725 2246 874 2313 miserere
890 2246 1019 2313 fatentis
1037 2266 1160 2313 amores

217 2340 220 2344 '
245 2345 277 2400 55
293 2355 358 2400 non
374 2334 532 2411 fassurae,
549 2333 611 2399 nisi
628 2345 757 2420 cogeret
773 2333 902 2398 ultimus
920 2334 1028 2398 ardor:

243 2441 325 2485 neve
342 2442 463 2485 merere
480 2440 552 2485 meo
570 2419 727 2484 subscribi
744 2441 841 2485 cauea
857 2417 1023 2505 sepulcro!

171 2521 176 2546 ⁴
243 2505 320 2569 talia
337 2505 528 2588 nequiquam
545 2515 745 2590 perarantem
761 2505 856 2590 plena
872 2504 999 2588 reliquit

176 2609 226 2661 555
244 2612 317 2656 cera
333 2612 478 2667 manum,
495 2611 701 2676 summusque
718 2590 752 2655 in
769 2589 912 2675 margine
929 2610 1039 2654 versus
1057 2587 1209 2654 adhaesit.

244 2675 386 2763 protinus
403 2675 558 2761 impressa
574 2674 680 2761 signat
697 2698 756 2740 sua
773 2675 905 2742 crimina
921 2696 1058 2761 gemma,

244 2782 342 2843 quam
359 2759 453 2825 tinxit
469 2760 605 2826 lacrimis
622 2760 782 2847 (linguam
800 2760 959 2826 defecerat
975 2758 1092 2845 umor),

244 2845 349 2932 dequo
365 2845 431 2911 suis
448 2867 548 2911 unum
565 2847 693 2912 famulis
710 2846 897 2932 pudibunda
913 2844 1039 2911 vocavit

172 2961 177 2980 ⁸
244 2942 276 2997 et
292 2931 444 3033 pavidum
461 2931 603 2997 blandita
620 2931 733 3010 ‘feras,
750 2932 916 3009 fidissime,
933 2942 1040 2996 nostro
1056 2928 1113 2978 -'

175 3035 227 3087 570
245 3017 338 3094 dix1t,
356 3028 388 3082 et
405 3016 519 3083 adiecit
534 3017 631 3103 longo
648 3028 720 3103 post
737 3029 879 3104 tempore
896 3015 1019 3081 ‘fratri’
1174 3093 1175 3098 γ

244 3125 318 3168 cum
336 3102 440 3180 daret,
458 3101 584 3188 elapsae
601 3102 748 3167 manibus
765 3103 907 3168 cecidere
924 3101 1071 3167 tabellae.

244 3188 348 3254 omine
366 3187 493 3253 turbata
510 3199 572 3253 est:
590 3186 676 3252 misit
692 3199 809 3252 tamen.
854 3199 929 3272 apta
945 3185 1090 3251 minister

243 3284 388 3360 tempora
403 3284 516 3338 nactus
534 3272 614 3350 adit,
633 3273 792 3357 traditque
808 3272 941 3337 fatentia
957 3271 1065 3337 verba.

171 3375 175 3402 ‘
244 3359 396 3424 attonitus
413 3358 519 3423 subita
535 3358 657 3424 iuvenis
675 3357 884 3423 Maeandrius
901 3358 948 3422 ira

175 3463 225 3513 ott
243 3444 355 3530 proicit
372 3454 519 3530 acceptas
536 3444 618 3509 lecta
634 3442 696 3508 sibi
713 3454 803 3529 parte
821 3442 964 3519 tabellas,

244 3530 361 3614 vixque
378 3549 492 3594 manus
509 3530 647 3595 retinens
664 3527 850 3613 trepidantis
869 3528 909 3592 ab
928 3551 983 3594 ore
1000 3527 1135 3594 ministri

244 3615 336 3679 ‘dum
353 3614 440 3693 licet,
458 3635 478 3679 o
495 3615 611 3680 vetitae
628 3614 779 3679 scelerate
795 3613 935 3679 libidinis
952 3627 1071 3691 auctor,

244 3699 365 3785 effugc’
383 3698 437 3764 ait.
480 3704 491 3736 ⁴
496 3699 565 3784 qui,
583 3699 610 3765 si
626 3710 770 3764 nostrum
786 3709 843 3763 tua
858 3698 926 3765 fata
942 3700 1097 3785 pudorem

172 3807 182 3839 a
243 3805 307 3848 non
325 3784 486 3850 traherent
502 3805 624 3862 secum,
642 3806 761 3885 poenas
777 3783 856 3848 mibi
872 3796 973 3850 morte
991 3782 1151 3849 dedisses!
1262 3801 1265 3807 “

176 3889 227 3940 oso
244 3869 297 3934 ille
314 3868 398 3953 fugit
415 3869 550 3954 pavidus
567 3870 777 3953 dominaeque
794 3869 913 3935 ferocia
929 3867 1035 3935 Cauni

245 3952 330 4018 diota
346 3952 452 4019 refert.
482 3953 593 4040 ‘palles
611 3954 733 4032 audita,
750 3953 863 4038 Bybli,
880 3955 1017 4040 repulsa,

246 4048 279 4106 et
294 4047 391 4125 pavet
407 4037 571 4106 obsessum
588 4038 714 4127 glaciali
730 4038 850 4127 frigore
866 4061 992 4128 corpus·
