2800 4500
247 251 310 319 132
579 260 613 314 P.
632 257 757 316 OVIDII
774 255 937 315 NASONIS

246 384 400 537 pumitias
417 383 548 470 frugum
566 380 689 457 Cereri,
708 404 767 447 sua
783 382 858 447 vina
873 378 996 467 Lyaeo,
1066 416 1068 420 >

180 496 229 545 275

277 471 407 536 alladios
425 471 527 535 flavae
543 468 652 533 latices
669 466 784 533 libasse
801 467 978 532 Minervae.

248 567 378 642 coeptus
395 555 437 620 ab
454 553 600 640 agricolis
617 574 749 639 superos
766 551 969 639 pervenitad
986 573 1096 619 omnes

248 641 432 707 ambitiosus
450 639 560 705 honor.
603 640 687 703 solas
705 638 773 704 sine
790 649 860 702 ture
876 635 1002 703 relictas

247 726 435 814 praeteritae
453 745 593 790 cessasse
610 724 716 789 ferunt
733 722 887 789 Latoidos
905 745 986 787 aras.

248 812 350 897 tangit
367 822 399 877 et
415 811 463 875 ira
481 810 566 876 deos.
611 815 658 875 ‘at
674 830 739 874 non
756 808 885 894 impune
902 806 1055 874 feremus:

180 920 230 970 280
248 918 393 981 quaeque
410 895 625 971 inhonoratas,
641 916 707 959 non
725 904 757 960 et
774 894 916 959 dicemur
931 892 1065 959 inultae'

247 982 359 1066 inquit.
402 993 433 1047 et
451 977 570 1046 Oenios
597 981 732 1045 ultorem
750 989 858 1066 spreta
896 1000 930 1043 er
948 1000 1041 1065 agros

247 1066 332 1132 misit
348 1090 367 1131 a
389 1089 475 1142 rum,
492 1075 610 1149 quanto
627 1065 762 1131 maiores
784 1063 873 1130 herbi
932 1074 1040 1130 tauros

246 1172 311 1218 non
326 1089 423 1217 hahet
438 1150 565 1252 Epiros,
586 1149 644 1215 sed
660 1148 780 1216 habent
804 1148 913 1218 Sicula
929 1172 1006 1214 arva
1021 1150 1167 1218 minores.

180 1256 232 1308 234
248 1236 403 1323 sanguine
421 1247 453 1302 et
469 1259 544 1323 1gne
560 1236 677 1301 micant
694 1237 787 1307 oculi,
806 1236 888 1322 riget
904 1234 1032 1301 horrida
1049 1236 1169 1314 cervix,

180 1345 231 1395 286
248 1333 396 1406 stantque
412 1321 500 1387 velut
516 1321 650 1398 vallum,
668 1321 756 1387 velut
773 1322 838 1387 alta
854 1321 981 1386 hastilia
997 1332 1083 1388 setae
1088 1345 1099 1400 3

248 1407 373 1474 fervida
389 1429 463 1473 cum
479 1427 576 1471 rauco
593 1407 673 1471 latos
691 1406 824 1472 stridore
841 1427 898 1491 per
915 1428 1019 1475 armos

249 1514 363 1578 spuma
379 1492 463 1569 fluit,
481 1492 591 1557 dentes
607 1502 785 1575 aequantur
801 1491 948 1557 dentibus
965 1491 1065 1570 Indis,

248 1579 370 1643 fulmen
387 1577 429 1644 ab
446 1598 500 1643 ore
518 1577 619 1654 venit,
636 1576 766 1643 frondes
783 1575 951 1642 adflatibus
969 1577 1090 1643 ardent.

180 1686 232 1737 290
247 1663 276 1728 is
292 1663 387 1728 modo
405 1674 580 1728 crescentes
598 1673 721 1748 segetes
738 1663 901 1747 proculcat
917 1663 950 1727 in
967 1662 1076 1740 herba,

249 1771 335 1813 nunc
350 1759 476 1813 matura
491 1747 581 1813 metit
597 1747 702 1813 fleturi
719 1759 793 1813 vota
810 1745 913 1813 coloni

249 1845 281 1901 et
299 1830 449 1900 Cererem
464 1833 499 1897 in
516 1832 610 1919 spicis
626 1831 795 1919 intercipit.
838 1855 913 1898 area
929 1834 1057 1911 frustra,

249 1929 281 1986 et
296 1919 415 1984 frustra
431 1929 601 2004 expectant
616 1919 787 2004 promissas
804 1916 918 1983 horrea
934 1941 1063 1985 messes.

248 2015 430 2071 sternuntur
446 2003 571 2090 gravidi
586 2004 683 2090 longo
700 2025 774 2069 eum
791 2003 920 2091 palmite
937 2004 1022 2070 fetus

181 2111 230 2162 295
247 2090 391 2174 bacaque
408 2111 482 2155 cum
498 2088 594 2154 ramis
611 2111 737 2175 semper
752 2089 927 2177 frondentis
944 2089 1056 2155 olivae.

247 2175 349 2242 saevit
366 2186 398 2241 et
413 2175 447 2240 in
464 2174 612 2262 pecudes,
654 2196 720 2241 non
737 2174 794 2240 has
811 2185 958 2261 pastorve
973 2175 1112 2254 canisve,

248 2284 312 2327 non
328 2271 470 2327 armenta
486 2272 591 2326 truces
607 2273 740 2347 possunt
757 2261 927 2328 defendere
943 2260 1035 2337 tauri.

249 2347 421 2433 diffugiunt
437 2346 548 2433 populi
563 2369 624 2412 nee
641 2369 676 2412 se
692 2345 755 2411 nisi
771 2346 937 2413 moenibus
955 2346 1043 2412 urbis

248 2455 318 2499 osse
334 2442 448 2518 putant
464 2443 564 2497 tutos:
582 2432 683 2498 donec
700 2432 882 2518 Meleagros
901 2443 933 2498 et
949 2455 1014 2498 una

181 2538 232 2588 000
247 2518 330 2584 lecta
346 2539 459 2581 manus
475 2517 627 2583 iuvenum
644 2517 747 2583 coiere
765 2518 912 2603 cupidine
928 2518 1046 2583 laudis:

248 2601 451 2688 Tyndaridae
467 2602 601 2688 gemini,
617 2613 813 2688 praestantes
830 2604 988 2669 caestibus
1005 2604 1094 2681 alter,

248 2688 328 2754 alter
345 2709 437 2771 equo,
455 2687 639 2772 primaeque
655 2687 732 2753 ratis
749 2688 875 2753 molitor
891 2689 996 2766 Iason,

248 2784 281 2840 et
297 2795 371 2839 oum
387 2772 541 2848 Pirithoo,
557 2772 634 2838 felix
652 2773 834 2851 eoncordia,
851 2773 1005 2852 Theseus,

249 2869 281 2925 et
298 2858 362 2923 duo
379 2858 582 2934 Thestiadae,
599 2858 766 2943 prolesque
784 2859 948 2945 Aphareta
964 2859 1115 2944 Lynceus

181 2964 230 3014 300
248 2957 280 3010 et
297 2945 391 3009 velox
408 2943 498 3022 Idas,
517 2955 548 3010 et
565 2944 629 3009 iam
645 2966 711 3009 non
727 2943 847 3011 femina
864 2942 1022 3022 Caeneus,

248 3029 372 3114 Leucip
395 3051 496 3113 usque
513 3029 604 3095 ferox
621 3029 789 3114 iaculoque
805 3030 938 3117 insignis
956 3032 1105 3106 Acastus,

248 3052 516 3200 Hippothousque
532 3114 704 3200 Dryasque
721 3127 754 3181 ot
771 3126 875 3183 cretus
892 3117 1071 3202 Amyntore
1087 3115 1244 3195 Phoenix,

247 3198 483 3283 Actoridaeque
499 3222 606 3286 pares,
624 3212 657 3266 et
672 3201 788 3266 missus
806 3202 847 3267 ab
865 3201 958 3267 Elide
974 3201 1128 3286 Phyleus.
1217 3243 1220 3250 ·

247 3307 307 3351 neo
323 3284 479 3350 Telamon
496 3285 606 3351 aberat
622 3286 795 3370 magnique
812 3298 935 3352 creator
951 3287 1097 3365 Achillis,

180 3390 230 3440 810
248 3392 384 3455 cumque
400 3370 591 3437 Pheretiade
608 3382 640 3436 et
655 3372 807 3456 Hyanteo
824 3371 912 3438 Iolao

247 3455 383 3541 impiger
399 3455 556 3541 Eurytion
573 3466 606 3521 et
622 3477 718 3521 cursu
733 3457 871 3523 invictus
887 3456 1023 3534 Echion,

247 3541 467 3624 Naryciusque
484 3541 587 3606 Lelex
602 3540 837 3627 Panopeusque
854 3543 1043 3629 Hyleusque
1060 3543 1215 3629 feroxque

248 3626 426 3711 Hippasus,
445 3638 477 3692 et
492 3626 602 3712 primis
620 3626 793 3692 etiamnum
808 3628 925 3694 Nestor
941 3628 975 3694 in
993 3628 1095 3708 annis,

249 3720 281 3776 et
297 3732 377 3794 quos
394 3710 584 3797 Hippocoon
601 3713 739 3798 antiquis
755 3713 841 3780 misit
856 3714 1013 3801 Amyclis,

181 3813 230 3863 ³15
247 3795 490 3880 Penelopesque
508 3818 597 3863 socer
613 3820 687 3864 oum
704 3798 875 3866 Parrhasio
892 3801 1026 3868 Ancaeo

249 3880 314 3944 Am
336 3880 507 3964 ycidesque
523 3904 625 3974 sagax
641 3896 672 3950 et
690 3884 795 3950 adhuc
812 3909 831 3950 a
848 3887 983 3974 coniuge
1001 3898 1089 3952 tutus

249 3903 420 4065 Oeclides,
430 3966 631 4052 nemorisque
648 3969 745 4035 decus
762 3971 911 4056 Tegeaea
928 3972 1060 4059 Lycaei.

247 4049 349 4116 rasrhs
366 4048 441 4115 hum
458 4072 614 4119 summam
630 4055 796 4123 mordebat
812 4057 913 4146 fibula
928 4068 1048 4124 vestem
1053 4081 1064 4138 3
