<?xml version="1.0" encoding="UTF-8"?>
<!DOCTYPE html PUBLIC "-//W3C//DTD XHTML 1.0 Transitional//EN"
    "http://www.w3.org/TR/xhtml1/DTD/xhtml1-transitional.dtd">
<html xmlns="http://www.w3.org/1999/xhtml" xml:lang="en" lang="en">
 <head>
  <title>
</title>
<meta http-equiv="Content-Type" content="text/html;charset=utf-8" />
  <meta name='ocr-system' content='tesseract 3.04.00' />
  <meta name='ocr-capabilities' content='ocr_page ocr_carea ocr_par ocr_line ocrx_word'/>
</head>
<body>
  <div class='ocr_page' id='page_1' title='image "./povidiinasonisc00unkngoog_0164.png"; bbox 0 0 2800 4500; ppageno 0'>
   <div class='ocr_carea' id='block_1_1' title="bbox 240 266 918 355">
    <p class='ocr_par' dir='ltr' id='par_1_1' title="bbox 240 266 918 355">
     <span class='ocr_line' id='line_1_1' title="bbox 240 266 918 355; baseline -0.003 -1"><span class='ocrx_word' id='word_1_1' title='bbox 240 266 284 354; x_wconf 80' lang='lat'>94</span> <span class='ocrx_word' id='word_1_2' title='bbox 505 280 508 283; x_wconf 82' lang='grc'>’</span> <span class='ocrx_word' id='word_1_3' title='bbox 560 297 594 354; x_wconf 84' lang='lat' dir='ltr'>r.</span> <span class='ocrx_word' id='word_1_4' title='bbox 612 297 738 355; x_wconf 87' lang='lat' dir='ltr'>ovmu</span> <span class='ocrx_word' id='word_1_5' title='bbox 755 292 918 353; x_wconf 73' lang='lat' dir='ltr'>rasoris</span> 
     </span>
    </p>
   </div>
   <div class='ocr_carea' id='block_1_2' title="bbox 175 415 1235 4183">
    <p class='ocr_par' dir='ltr' id='par_1_2' title="bbox 241 415 1149 594">
     <span class='ocr_line' id='line_1_2' title="bbox 242 415 1149 507; baseline -0.009 -19"><span class='ocrx_word' id='word_1_6' title='bbox 242 449 311 489; x_wconf 90' lang='lat' dir='ltr'>sum</span> <span class='ocrx_word' id='word_1_7' title='bbox 330 424 420 490; x_wconf 82' lang='lat' dir='ltr'><strong>felix:</strong></span> <span class='ocrx_word' id='word_1_8' title='bbox 439 421 511 507; x_wconf 91' lang='lat' dir='ltr'>quis</span> <span class='ocrx_word' id='word_1_9' title='bbox 528 422 613 487; x_wconf 91' lang='lat' dir='ltr'>enim</span> <span class='ocrx_word' id='word_1_10' title='bbox 629 433 726 486; x_wconf 70' lang='lat' dir='ltr'>necet</span> <span class='ocrx_word' id='word_1_11' title='bbox 744 419 823 484; x_wconf 78' lang='lat' dir='ltr'>hoc?</span> <span class='ocrx_word' id='word_1_12' title='bbox 840 418 979 501; x_wconf 81' lang='lat' dir='ltr'><strong>felixque</strong></span> <span class='ocrx_word' id='word_1_13' title='bbox 997 415 1149 481; x_wconf 77' lang='lat' dir='ltr'>maneboe</span> 
     </span>
     <span class='ocr_line' id='line_1_3' title="bbox 241 476 1094 594; baseline -0.009 -20"><span class='ocrx_word' id='word_1_14' title='bbox 241 510 302 576; x_wconf 92' lang='lat' dir='ltr'>hoc</span> <span class='ocrx_word' id='word_1_15' title='bbox 319 531 446 594; x_wconf 91' lang='lat' dir='ltr'>quoque</span> <span class='ocrx_word' id='word_1_16' title='bbox 464 508 535 591; x_wconf 92' lang='lat' dir='ltr'>quis</span> <span class='ocrx_word' id='word_1_17' title='bbox 553 476 694 572; x_wconf 74' lang='lat' dir='ltr'>dubitet‘l</span> <span class='ocrx_word' id='word_1_18' title='bbox 711 517 814 570; x_wconf 88' lang='lat' dir='ltr'>tutam</span> <span class='ocrx_word' id='word_1_19' title='bbox 830 526 882 569; x_wconf 90' lang='lat' dir='ltr'>me</span> <span class='ocrx_word' id='word_1_20' title='bbox 900 502 991 589; x_wconf 93' lang='lat' dir='ltr'>copia</span> <span class='ocrx_word' id='word_1_21' title='bbox 1008 501 1094 568; x_wconf 87' lang='lat' dir='ltr'>fecit.</span> 
     </span>
    </p>

    <p class='ocr_par' dir='ltr' id='par_1_3' title="bbox 176 591 1107 936">
     <span class='ocr_line' id='line_1_4' title="bbox 176 591 1052 678; baseline -0.015 -13"><span class='ocrx_word' id='word_1_22' title='bbox 176 617 224 665; x_wconf 75' lang='lat'>195</span> <span class='ocrx_word' id='word_1_23' title='bbox 241 596 342 661; x_wconf 89' lang='lat' dir='ltr'>maior</span> <span class='ocrx_word' id='word_1_24' title='bbox 359 619 445 672; x_wconf 90' lang='lat' dir='ltr'>sum,</span> <span class='ocrx_word' id='word_1_25' title='bbox 462 616 559 678; x_wconf 93' lang='lat' dir='ltr'>quam</span> <span class='ocrx_word' id='word_1_26' title='bbox 577 593 628 659; x_wconf 91' lang='lat' dir='ltr'>cui</span> <span class='ocrx_word' id='word_1_27' title='bbox 646 592 746 678; x_wconf 87' lang='lat' dir='ltr'>possit</span> <span class='ocrx_word' id='word_1_28' title='bbox 763 591 906 654; x_wconf 81' lang='lat' dir='ltr'>Fortuna</span> <span class='ocrx_word' id='word_1_29' title='bbox 923 610 1052 653; x_wconf 84' lang='lat' dir='ltr'>nocere:</span> 
     </span>
     <span class='ocr_line' id='line_1_5' title="bbox 242 673 1107 765; baseline -0.014 -18"><span class='ocrx_word' id='word_1_30' title='bbox 242 683 405 765; x_wconf 89' lang='lat' dir='ltr'>multaque</span> <span class='ocrx_word' id='word_1_31' title='bbox 421 690 458 745; x_wconf 93' lang='lat' dir='ltr'>ut</span> <span class='ocrx_word' id='word_1_32' title='bbox 475 678 602 765; x_wconf 90' lang='lat' dir='ltr'>eripiat,</span> <span class='ocrx_word' id='word_1_33' title='bbox 620 677 720 741; x_wconf 92' lang='lat' dir='ltr'>multo</span> <span class='ocrx_word' id='word_1_34' title='bbox 737 674 815 740; x_wconf 90' lang='lat' dir='ltr'>mihi</span> <span class='ocrx_word' id='word_1_35' title='bbox 832 675 924 760; x_wconf 89' lang='lat' dir='ltr'>plura</span> <span class='ocrx_word' id='word_1_36' title='bbox 941 673 1107 756; x_wconf 84' lang='lat' dir='ltr'>relinquet.</span> 
     </span>
     <span class='ocr_line' id='line_1_6' title="bbox 242 757 1078 845; baseline -0.014 -11"><span class='ocrx_word' id='word_1_37' title='bbox 242 788 404 833; x_wconf 81' lang='lat' dir='ltr'>excessere</span> <span class='ocrx_word' id='word_1_38' title='bbox 422 777 542 830; x_wconf 90' lang='lat' dir='ltr'>metum</span> <span class='ocrx_word' id='word_1_39' title='bbox 559 786 632 829; x_wconf 89' lang='lat' dir='ltr'>mea</span> <span class='ocrx_word' id='word_1_40' title='bbox 647 763 712 826; x_wconf 90' lang='lat' dir='ltr'>iam</span> <span class='ocrx_word' id='word_1_41' title='bbox 729 761 823 825; x_wconf 88' lang='lat' dir='ltr'>bona.</span> <span class='ocrx_word' id='word_1_42' title='bbox 865 758 975 845; x_wconf 86' lang='lat' dir='ltr'>fingite</span> <span class='ocrx_word' id='word_1_43' title='bbox 993 757 1078 823; x_wconf 91' lang='lat' dir='ltr'>demi</span> 
     </span>
     <span class='ocr_line' id='line_1_7' title="bbox 241 849 1031 936; baseline -0.013 -18"><span class='ocrx_word' id='word_1_44' title='bbox 241 852 316 919; x_wconf 91' lang='lat' dir='ltr'>huic</span> <span class='ocrx_word' id='word_1_45' title='bbox 333 849 453 936; x_wconf 87' lang='lat' dir='ltr'>aliquid</span> <span class='ocrx_word' id='word_1_46' title='bbox 492 849 587 935; x_wconf 94' lang='lat' dir='ltr'>opulo</span> <span class='ocrx_word' id='word_1_47' title='bbox 604 861 752 912; x_wconf 89' lang='lat' dir='ltr'>natorum</span> <span class='ocrx_word' id='word_1_48' title='bbox 768 867 861 933; x_wconf 86' lang='lat' dir='ltr'>posse</span> <span class='ocrx_word' id='word_1_49' title='bbox 877 865 1031 921; x_wconf 86' lang='lat' dir='ltr'>meorum,</span> 
     </span>
    </p>

    <p class='ocr_par' dir='ltr' id='par_1_4' title="bbox 208 873 1130 1017">
     <span class='ocr_line' id='line_1_8' title="bbox 208 873 1130 1017; baseline -0.013 -13"><span class='ocrx_word' id='word_1_50' title='bbox 208 975 212 981; x_wconf 91' lang='lat'>·</span> <span class='ocrx_word' id='word_1_51' title='bbox 241 961 307 1003; x_wconf 91' lang='lat' dir='ltr'>non</span> <span class='ocrx_word' id='word_1_52' title='bbox 324 947 430 1002; x_wconf 88' lang='lat' dir='ltr'>tamen</span> <span class='ocrx_word' id='word_1_53' title='bbox 447 873 673 999; x_wconf 75' lang='lat' dir='ltr'>adnumerum</span> <span class='ocrx_word' id='word_1_54' title='bbox 689 932 818 1017; x_wconf 85' lang='lat' dir='ltr'>redigar</span> <span class='ocrx_word' id='word_1_55' title='bbox 834 930 967 1016; x_wconf 88' lang='lat' dir='ltr'>spoliata</span> <span class='ocrx_word' id='word_1_56' title='bbox 984 929 1130 1004; x_wconf 89' lang='lat' dir='ltr'>duorum,</span> 
     </span>
    </p>

    <p class='ocr_par' dir='ltr' id='par_1_5' title="bbox 175 1014 1174 1276">
     <span class='ocr_line' id='line_1_9' title="bbox 175 1014 1126 1103; baseline -0.014 -13"><span class='ocrx_word' id='word_1_57' title='bbox 175 1041 226 1090; x_wconf 79' lang='lat'>200</span> <span class='ocrx_word' id='word_1_58' title='bbox 243 1023 388 1088; x_wconf 81' lang='lat' dir='ltr'>Latonae</span> <span class='ocrx_word' id='word_1_59' title='bbox 406 1021 542 1086; x_wconf 81' lang='lat' dir='ltr'>turbam.</span> <span class='ocrx_word' id='word_1_60' title='bbox 585 1040 667 1103; x_wconf 91' lang='lat' dir='ltr'>quae</span> <span class='ocrx_word' id='word_1_61' title='bbox 686 1029 841 1102; x_wconf 92' lang='lat' dir='ltr'>quantum</span> <span class='ocrx_word' id='word_1_62' title='bbox 859 1016 954 1081; x_wconf 90' lang='lat' dir='ltr'>distat</span> <span class='ocrx_word' id='word_1_63' title='bbox 971 1014 1012 1079; x_wconf 86' lang='lat' dir='ltr'>ab</span> <span class='ocrx_word' id='word_1_64' title='bbox 1030 1015 1126 1100; x_wconf 80' lang='lat' dir='ltr'>orba?</span> 
     </span>
     <span class='ocr_line' id='line_1_10' title="bbox 243 1101 1019 1189; baseline -0.009 -19"><span class='ocrx_word' id='word_1_65' title='bbox 243 1106 367 1171; x_wconf 87' lang='lat' dir='ltr'>infectis</span> <span class='ocrx_word' id='word_1_66' title='bbox 384 1113 550 1189; x_wconf 86' lang='lat' dir='ltr'>properate</span> <span class='ocrx_word' id='word_1_67' title='bbox 568 1105 675 1181; x_wconf 89' lang='lat' dir='ltr'>sacris,</span> <span class='ocrx_word' id='word_1_68' title='bbox 693 1105 881 1185; x_wconf 85' lang='lat' dir='ltr'>laurumque</span> <span class='ocrx_word' id='word_1_69' title='bbox 899 1101 1019 1186; x_wconf 77' lang='lat' dir='ltr'>capillis</span> 
     </span>
     <span class='ocr_line' id='line_1_11' title="bbox 244 1187 1174 1276; baseline -0.005 -21"><span class='ocrx_word' id='word_1_70' title='bbox 244 1190 372 1276; x_wconf 68' lang='lat' dir='ltr'>ponite?</span> <span class='ocrx_word' id='word_1_71' title='bbox 416 1189 579 1274; x_wconf 91' lang='lat' dir='ltr'>deponunt</span> <span class='ocrx_word' id='word_1_72' title='bbox 595 1198 627 1254; x_wconf 92' lang='lat' dir='ltr'>et</span> <span class='ocrx_word' id='word_1_73' title='bbox 643 1210 734 1253; x_wconf 87' lang='lat' dir='ltr'>sacra</span> <span class='ocrx_word' id='word_1_74' title='bbox 751 1187 869 1254; x_wconf 84' lang='lat' dir='ltr'>infecta</span> <span class='ocrx_word' id='word_1_75' title='bbox 885 1188 1077 1271; x_wconf 88' lang='lat' dir='ltr'>relinquunt,</span> <span class='ocrx_word' id='word_1_76' title='bbox 1170 1248 1174 1257; x_wconf 83' lang='grc'><em>,</em></span> 
     </span>
    </p>

    <p class='ocr_par' dir='ltr' id='par_1_6' title="bbox 178 1274 1148 1446">
     <span class='ocr_line' id='line_1_12' title="bbox 178 1274 1148 1360; baseline -0.003 -19"><span class='ocrx_word' id='word_1_77' title='bbox 178 1318 180 1322; x_wconf 34' lang='lat'><em>⁴</em></span> <span class='ocrx_word' id='word_1_78' title='bbox 247 1276 398 1360; x_wconf 89' lang='lat' dir='ltr'>quodque</span> <span class='ocrx_word' id='word_1_79' title='bbox 414 1275 502 1351; x_wconf 87' lang='lat' dir='ltr'>licet,</span> <span class='ocrx_word' id='word_1_80' title='bbox 519 1274 617 1339; x_wconf 89' lang='lat' dir='ltr'>tacito</span> <span class='ocrx_word' id='word_1_81' title='bbox 634 1285 826 1338; x_wconf 89' lang='lat' dir='ltr'>venerantur</span> <span class='ocrx_word' id='word_1_82' title='bbox 842 1295 1003 1337; x_wconf 88' lang='lat' dir='ltr'>murmure</span> <span class='ocrx_word' id='word_1_83' title='bbox 1020 1295 1148 1338; x_wconf 86' lang='lat' dir='ltr'>numen.</span> 
     </span>
     <span class='ocr_line' id='line_1_13' title="bbox 244 1355 1093 1446; baseline -0.006 -20"><span class='ocrx_word' id='word_1_84' title='bbox 244 1360 410 1446; x_wconf 85' lang='lat' dir='ltr'>indignata</span> <span class='ocrx_word' id='word_1_85' title='bbox 426 1360 487 1425; x_wconf 91' lang='lat' dir='ltr'>dea</span> <span class='ocrx_word' id='word_1_86' title='bbox 503 1371 565 1437; x_wconf 87' lang='lat' dir='ltr'>est,</span> <span class='ocrx_word' id='word_1_87' title='bbox 583 1379 772 1442; x_wconf 87' lang='lat' dir='ltr'>summoque</span> <span class='ocrx_word' id='word_1_88' title='bbox 788 1358 822 1423; x_wconf 92' lang='lat' dir='ltr'>in</span> <span class='ocrx_word' id='word_1_89' title='bbox 838 1357 955 1424; x_wconf 86' lang='lat' dir='ltr'>vertice</span> <span class='ocrx_word' id='word_1_90' title='bbox 973 1355 1093 1444; x_wconf 81' lang='lat' dir='ltr'><strong>Cynthi</strong></span> 
     </span>
    </p>

    <p class='ocr_par' dir='ltr' id='par_1_7' title="bbox 178 1444 1017 1531">
     <span class='ocr_line' id='line_1_14' title="bbox 178 1444 1017 1531; baseline -0.007 -18"><span class='ocrx_word' id='word_1_91' title='bbox 178 1465 227 1513; x_wconf 82' lang='lat'>205</span> <span class='ocrx_word' id='word_1_92' title='bbox 246 1448 362 1512; x_wconf 84' lang='lat' dir='ltr'>talibus</span> <span class='ocrx_word' id='word_1_93' title='bbox 380 1457 428 1511; x_wconf 92' lang='lat' dir='ltr'>est</span> <span class='ocrx_word' id='word_1_94' title='bbox 445 1445 537 1510; x_wconf 90' lang='lat' dir='ltr'>dictis</span> <span class='ocrx_word' id='word_1_95' title='bbox 554 1444 682 1531; x_wconf 86' lang='lat' dir='ltr'>gemina</span> <span class='ocrx_word' id='word_1_96' title='bbox 700 1466 774 1508; x_wconf 91' lang='lat' dir='ltr'>cum</span> <span class='ocrx_word' id='word_1_97' title='bbox 791 1445 880 1529; x_wconf 89' lang='lat' dir='ltr'>prole</span> <span class='ocrx_word' id='word_1_98' title='bbox 896 1445 1017 1508; x_wconf 85' lang='lat' dir='ltr'>locuta:</span> 
     </span>
    </p>

    <p class='ocr_par' dir='ltr' id='par_1_8' title="bbox 245 1529 1048 1617">
     <span class='ocr_line' id='line_1_15' title="bbox 245 1529 1048 1617; baseline -0.005 -20"><span class='ocrx_word' id='word_1_99' title='bbox 245 1539 302 1597; x_wconf 85' lang='lat' dir='ltr'>‘en</span> <span class='ocrx_word' id='word_1_100' title='bbox 319 1553 380 1617; x_wconf 79' lang='lat' dir='ltr'>ego</span> <span class='ocrx_word' id='word_1_101' title='bbox 397 1543 503 1595; x_wconf 88' lang='lat' dir='ltr'>vestra</span> <span class='ocrx_word' id='word_1_102' title='bbox 519 1553 649 1616; x_wconf 90' lang='lat' dir='ltr'>parens,</span> <span class='ocrx_word' id='word_1_103' title='bbox 666 1529 758 1595; x_wconf 83' lang='lat' dir='ltr'>vobis</span> <span class='ocrx_word' id='word_1_104' title='bbox 776 1529 918 1594; x_wconf 85' lang='lat' dir='ltr'>animosa</span> <span class='ocrx_word' id='word_1_105' title='bbox 935 1529 1048 1593; x_wconf 86' lang='lat' dir='ltr'>creatis</span> 
     </span>
    </p>

    <p class='ocr_par' dir='ltr' id='par_1_9' title="bbox 245 1613 919 1694">
     <span class='ocr_line' id='line_1_16' title="bbox 245 1613 919 1694; baseline -0.007 -11"><span class='ocrx_word' id='word_1_106' title='bbox 245 1628 292 1694; x_wconf 89' lang='lat' dir='ltr'>et,</span> <span class='ocrx_word' id='word_1_107' title='bbox 310 1616 371 1681; x_wconf 90' lang='lat' dir='ltr'>nisi</span> <span class='ocrx_word' id='word_1_108' title='bbox 387 1615 518 1691; x_wconf 90' lang='lat' dir='ltr'>Iunoni,</span> <span class='ocrx_word' id='word_1_109' title='bbox 536 1616 614 1680; x_wconf 89' lang='lat' dir='ltr'>nulli</span> <span class='ocrx_word' id='word_1_110' title='bbox 632 1637 761 1680; x_wconf 88' lang='lat' dir='ltr'>cessura</span> <span class='ocrx_word' id='word_1_111' title='bbox 778 1613 919 1690; x_wconf 91' lang='lat' dir='ltr'>dearum,</span> 
     </span>
    </p>

    <p class='ocr_par' dir='ltr' id='par_1_10' title="bbox 245 1699 1127 1865">
     <span class='ocr_line' id='line_1_17' title="bbox 245 1699 1127 1802; baseline -0.003 -35"><span class='ocrx_word' id='word_1_112' title='bbox 245 1726 287 1767; x_wconf 91' lang='lat' dir='ltr'>an</span> <span class='ocrx_word' id='word_1_113' title='bbox 305 1702 365 1767; x_wconf 91' lang='lat' dir='ltr'>dea</span> <span class='ocrx_word' id='word_1_114' title='bbox 382 1701 452 1778; x_wconf 87' lang='lat' dir='ltr'>sim,</span> <span class='ocrx_word' id='word_1_115' title='bbox 470 1700 611 1802; x_wconf 77' lang='lat' dir='ltr'>dubitorl</span> <span class='ocrx_word' id='word_1_116' title='bbox 629 1722 750 1788; x_wconf 89' lang='lat' dir='ltr'>perque</span> <span class='ocrx_word' id='word_1_117' title='bbox 767 1699 873 1764; x_wconf 88' lang='lat' dir='ltr'>omnia</span> <span class='ocrx_word' id='word_1_118' title='bbox 889 1699 1017 1765; x_wconf 88' lang='lat' dir='ltr'>saecula</span> <span class='ocrx_word' id='word_1_119' title='bbox 1034 1699 1127 1765; x_wconf 88' lang='lat' dir='ltr'>cultis</span> 
     </span>
     <span class='ocr_line' id='line_1_18' title="bbox 246 1785 956 1865; baseline -0.004 -12"><span class='ocrx_word' id='word_1_120' title='bbox 246 1809 364 1865; x_wconf 89' lang='lat' dir='ltr'>arceor,</span> <span class='ocrx_word' id='word_1_121' title='bbox 382 1807 402 1851; x_wconf 93' lang='lat' dir='ltr'>o</span> <span class='ocrx_word' id='word_1_122' title='bbox 418 1799 500 1864; x_wconf 77' lang='lat' dir='ltr'>nati,</span> <span class='ocrx_word' id='word_1_123' title='bbox 517 1787 578 1852; x_wconf 84' lang='lat' dir='ltr'>ursi</span> <span class='ocrx_word' id='word_1_124' title='bbox 594 1809 652 1852; x_wconf 84' lang='lat' dir='ltr'>vos</span> <span class='ocrx_word' id='word_1_125' title='bbox 670 1785 865 1861; x_wconf 89' lang='lat' dir='ltr'>succurritis,</span> <span class='ocrx_word' id='word_1_126' title='bbox 883 1785 956 1850; x_wconf 87' lang='lat' dir='ltr'>aris.</span> 
     </span>
    </p>

    <p class='ocr_par' dir='ltr' id='par_1_11' title="bbox 178 1871 1113 2300">
     <span class='ocr_line' id='line_1_19' title="bbox 178 1871 967 1945; baseline -0.013 0"><span class='ocrx_word' id='word_1_127' title='bbox 178 1896 229 1945; x_wconf 76' lang='lat'>210</span> <span class='ocrx_word' id='word_1_128' title='bbox 245 1896 306 1940; x_wconf 88' lang='lat' dir='ltr'>nec</span> <span class='ocrx_word' id='word_1_129' title='bbox 323 1873 412 1938; x_wconf 90' lang='lat' dir='ltr'>dolor</span> <span class='ocrx_word' id='word_1_130' title='bbox 428 1872 480 1938; x_wconf 91' lang='lat' dir='ltr'>hic</span> <span class='ocrx_word' id='word_1_131' title='bbox 497 1872 594 1938; x_wconf 89' lang='lat' dir='ltr'>solus.</span> <span class='ocrx_word' id='word_1_132' title='bbox 637 1872 706 1936; x_wconf 92' lang='lat' dir='ltr'>diro</span> <span class='ocrx_word' id='word_1_133' title='bbox 724 1871 866 1936; x_wconf 86' lang='lat' dir='ltr'>convicia</span> <span class='ocrx_word' id='word_1_134' title='bbox 882 1872 967 1936; x_wconf 85' lang='lat' dir='ltr'>facto</span> 
     </span>
     <span class='ocr_line' id='line_1_20' title="bbox 246 1955 1031 2043; baseline -0.005 -19"><span class='ocrx_word' id='word_1_135' title='bbox 246 1959 390 2024; x_wconf 81' lang='lat' dir='ltr'><strong>Tantalis</strong></span> <span class='ocrx_word' id='word_1_136' title='bbox 407 1957 523 2025; x_wconf 91' lang='lat' dir='ltr'>adiecit</span> <span class='ocrx_word' id='word_1_137' title='bbox 539 1978 659 2042; x_wconf 89' lang='lat' dir='ltr'>vosque</span> <span class='ocrx_word' id='word_1_138' title='bbox 677 1968 726 2022; x_wconf 91' lang='lat' dir='ltr'>est</span> <span class='ocrx_word' id='word_1_139' title='bbox 742 1967 932 2043; x_wconf 76' lang='lat' dir='ltr'>postponere</span> <span class='ocrx_word' id='word_1_140' title='bbox 949 1955 1031 2021; x_wconf 89' lang='lat' dir='ltr'>natis</span> 
     </span>
     <span class='ocr_line' id='line_1_21' title="bbox 246 2041 1113 2128; baseline -0.005 -18"><span class='ocrx_word' id='word_1_141' title='bbox 246 2067 325 2110; x_wconf 89' lang='lat' dir='ltr'>ausa</span> <span class='ocrx_word' id='word_1_142' title='bbox 341 2044 407 2109; x_wconf 91' lang='lat' dir='ltr'>suis</span> <span class='ocrx_word' id='word_1_143' title='bbox 424 2054 457 2109; x_wconf 90' lang='lat' dir='ltr'>et</span> <span class='ocrx_word' id='word_1_144' title='bbox 474 2066 539 2120; x_wconf 90' lang='lat' dir='ltr'>me,</span> <span class='ocrx_word' id='word_1_145' title='bbox 558 2042 645 2126; x_wconf 93' lang='lat' dir='ltr'>quod</span> <span class='ocrx_word' id='word_1_146' title='bbox 661 2042 695 2106; x_wconf 92' lang='lat' dir='ltr'>in</span> <span class='ocrx_word' id='word_1_147' title='bbox 712 2043 814 2128; x_wconf 91' lang='lat' dir='ltr'>ipsam</span> <span class='ocrx_word' id='word_1_148' title='bbox 831 2041 984 2119; x_wconf 77' lang='lat' dir='ltr'>reccidat,</span> <span class='ocrx_word' id='word_1_149' title='bbox 1003 2041 1113 2107; x_wconf 89' lang='lat' dir='ltr'>orbam</span> 
     </span>
     <span class='ocr_line' id='line_1_22' title="bbox 246 2127 1065 2213; baseline -0.004 -19"><span class='ocrx_word' id='word_1_150' title='bbox 246 2130 327 2194; x_wconf 88' lang='lat' dir='ltr'>dixit</span> <span class='ocrx_word' id='word_1_151' title='bbox 343 2140 375 2196; x_wconf 90' lang='lat' dir='ltr'>et</span> <span class='ocrx_word' id='word_1_152' title='bbox 391 2127 536 2194; x_wconf 89' lang='lat' dir='ltr'>exhibuit</span> <span class='ocrx_word' id='word_1_153' title='bbox 551 2129 694 2213; x_wconf 85' lang='lat' dir='ltr'>linguam</span> <span class='ocrx_word' id='word_1_154' title='bbox 712 2129 865 2193; x_wconf 89' lang='lat' dir='ltr'>scelerata</span> <span class='ocrx_word' id='word_1_155' title='bbox 904 2128 1065 2193; x_wconf 68' lang='lat' dir='ltr'>aternam?</span> 
     </span>
     <span class='ocr_line' id='line_1_23' title="bbox 247 2150 970 2300; baseline -0.006 -19"><span class='ocrx_word' id='word_1_156' title='bbox 247 2216 408 2282; x_wconf 88' lang='lat' dir='ltr'>adiectura</span> <span class='ocrx_word' id='word_1_157' title='bbox 425 2236 535 2300; x_wconf 90' lang='lat' dir='ltr'>preces</span> <span class='ocrx_word' id='word_1_158' title='bbox 553 2226 621 2282; x_wconf 91' lang='lat' dir='ltr'>erat</span> <span class='ocrx_word' id='word_1_159' title='bbox 637 2213 687 2279; x_wconf 90' lang='lat' dir='ltr'>his</span> <span class='ocrx_word' id='word_1_160' title='bbox 704 2212 832 2279; x_wconf 80' lang='lat' dir='ltr'>Latona</span> <span class='ocrx_word' id='word_1_161' title='bbox 849 2150 970 2280; x_wconf 63' lang='lat' dir='ltr'>relatis:</span> 
     </span>
    </p>

    <p class='ocr_par' dir='ltr' id='par_1_12' title="bbox 179 2299 1235 2729">
     <span class='ocr_line' id='line_1_24' title="bbox 179 2299 1235 2386; baseline -0.007 -14"><span class='ocrx_word' id='word_1_162' title='bbox 179 2324 229 2374; x_wconf 82' lang='lat'>215</span> <span class='ocrx_word' id='word_1_163' title='bbox 248 2301 384 2368; x_wconf 87' lang='lat' dir='ltr'>‘desine&#39;</span> <span class='ocrx_word' id='word_1_164' title='bbox 403 2299 555 2366; x_wconf 90' lang='lat' dir='ltr'>Phoebus</span> <span class='ocrx_word' id='word_1_165' title='bbox 572 2301 631 2378; x_wconf 93' lang='lat' dir='ltr'>ait,</span> <span class='ocrx_word' id='word_1_166' title='bbox 649 2309 786 2386; x_wconf 90' lang='lat' dir='ltr'>‘poenae</span> <span class='ocrx_word' id='word_1_167' title='bbox 803 2322 892 2364; x_wconf 88' lang='lat' dir='ltr'>mora</span> <span class='ocrx_word' id='word_1_168' title='bbox 908 2301 1003 2385; x_wconf 87' lang='lat' dir='ltr'>longa</span> <span class='ocrx_word' id='word_1_169' title='bbox 1020 2299 1150 2383; x_wconf 87' lang='lat' dir='ltr'>querela</span> <span class='ocrx_word' id='word_1_170' title='bbox 1167 2299 1235 2366; x_wconf 67' lang='lat' dir='ltr'>est!</span> 
     </span>
     <span class='ocr_line' id='line_1_25' title="bbox 246 2385 1093 2473; baseline -0.004 -21"><span class='ocrx_word' id='word_1_171' title='bbox 246 2388 326 2452; x_wconf 81' lang='lat' dir='ltr'><strong>dixit</strong></span> <span class='ocrx_word' id='word_1_172' title='bbox 341 2387 426 2452; x_wconf 87' lang='lat' dir='ltr'>idem</span> <span class='ocrx_word' id='word_1_173' title='bbox 444 2385 590 2463; x_wconf 88' lang='lat' dir='ltr'>Phoebe;</span> <span class='ocrx_word' id='word_1_174' title='bbox 608 2386 768 2470; x_wconf 90' lang='lat' dir='ltr'>celerique</span> <span class='ocrx_word' id='word_1_175' title='bbox 785 2408 843 2470; x_wconf 92' lang='lat' dir='ltr'>per</span> <span class='ocrx_word' id='word_1_176' title='bbox 859 2390 934 2451; x_wconf 75' lang='lat' dir='ltr'>ae‘ra</span> <span class='ocrx_word' id='word_1_177' title='bbox 950 2385 1043 2473; x_wconf 90' lang='lat' dir='ltr'>lapsu</span> <span class='ocrx_word' id='word_1_178' title='bbox 1089 2411 1093 2419; x_wconf 68' lang='lat'><strong><em>¹</em></strong></span> 
     </span>
     <span class='ocr_line' id='line_1_26' title="bbox 247 2469 1019 2559; baseline -0.005 -21"><span class='ocrx_word' id='word_1_179' title='bbox 247 2473 445 2559; x_wconf 85' lang='lat' dir='ltr'>contigerant</span> <span class='ocrx_word' id='word_1_180' title='bbox 461 2471 537 2536; x_wconf 93' lang='lat' dir='ltr'>tecti</span> <span class='ocrx_word' id='word_1_181' title='bbox 554 2469 731 2537; x_wconf 77' lang='lat' dir='ltr'>Cadmeida</span> <span class='ocrx_word' id='word_1_182' title='bbox 747 2470 887 2536; x_wconf 88' lang='lat' dir='ltr'>nubibus</span> <span class='ocrx_word' id='word_1_183' title='bbox 904 2493 1019 2536; x_wconf 87' lang='lat' dir='ltr'>arcem.</span> 
     </span>
     <span class='ocr_line' id='line_1_27' title="bbox 246 2555 1136 2644; baseline -0.001 -22"><span class='ocrx_word' id='word_1_184' title='bbox 246 2558 360 2644; x_wconf 91' lang='lat' dir='ltr'>planus</span> <span class='ocrx_word' id='word_1_185' title='bbox 378 2568 446 2624; x_wconf 88' lang='lat' dir='ltr'>erat</span> <span class='ocrx_word' id='word_1_186' title='bbox 461 2558 588 2640; x_wconf 90' lang='lat' dir='ltr'>lateque</span> <span class='ocrx_word' id='word_1_187' title='bbox 604 2567 718 2643; x_wconf 88' lang='lat' dir='ltr'>patens</span> <span class='ocrx_word' id='word_1_188' title='bbox 735 2578 835 2642; x_wconf 88' lang='lat' dir='ltr'>prope</span> <span class='ocrx_word' id='word_1_189' title='bbox 851 2555 977 2621; x_wconf 90' lang='lat' dir='ltr'>moenia</span> <span class='ocrx_word' id='word_1_190' title='bbox 992 2578 1136 2643; x_wconf 88' lang='lat' dir='ltr'>campus,</span> 
     </span>
     <span class='ocr_line' id='line_1_28' title="bbox 247 2642 1006 2729; baseline -0.003 -22"><span class='ocrx_word' id='word_1_191' title='bbox 247 2642 382 2707; x_wconf 80' lang='lat' dir='ltr'><strong>assiduis</strong></span> <span class='ocrx_word' id='word_1_192' title='bbox 398 2642 543 2729; x_wconf 90' lang='lat' dir='ltr'>pulsatus</span> <span class='ocrx_word' id='word_1_193' title='bbox 560 2642 665 2726; x_wconf 90' lang='lat' dir='ltr'>equis,</span> <span class='ocrx_word' id='word_1_194' title='bbox 681 2642 739 2706; x_wconf 90' lang='lat' dir='ltr'>ubi</span> <span class='ocrx_word' id='word_1_195' title='bbox 755 2642 850 2705; x_wconf 90' lang='lat' dir='ltr'>turba</span> <span class='ocrx_word' id='word_1_196' title='bbox 865 2652 1006 2706; x_wconf 87' lang='lat' dir='ltr'>rotarum</span> 
     </span>
    </p>

    <p class='ocr_par' dir='ltr' id='par_1_13' title="bbox 179 2726 1180 3153">
     <span class='ocr_line' id='line_1_29' title="bbox 179 2726 1036 2813; baseline -0.009 -14"><span class='ocrx_word' id='word_1_197' title='bbox 179 2750 230 2799; x_wconf 78' lang='lat'>220</span> <span class='ocrx_word' id='word_1_198' title='bbox 248 2728 391 2811; x_wconf 89' lang='lat' dir='ltr'>duraque</span> <span class='ocrx_word' id='word_1_199' title='bbox 408 2727 564 2792; x_wconf 90' lang='lat' dir='ltr'>mollierat</span> <span class='ocrx_word' id='word_1_200' title='bbox 581 2726 739 2792; x_wconf 88' lang='lat' dir='ltr'>subiectas</span> <span class='ocrx_word' id='word_1_201' title='bbox 756 2727 879 2812; x_wconf 82' lang='lat' dir='ltr'>ungula</span> <span class='ocrx_word' id='word_1_202' title='bbox 895 2727 1036 2813; x_wconf 86' lang='lat' dir='ltr'>glaebas.</span> 
     </span>
     <span class='ocr_line' id='line_1_30' title="bbox 246 2811 1027 2900; baseline -0.003 -22"><span class='ocrx_word' id='word_1_203' title='bbox 246 2836 321 2900; x_wconf 92' lang='lat' dir='ltr'>pars</span> <span class='ocrx_word' id='word_1_204' title='bbox 337 2813 382 2877; x_wconf 93' lang='lat' dir='ltr'>ibi</span> <span class='ocrx_word' id='word_1_205' title='bbox 399 2814 439 2878; x_wconf 94' lang='lat' dir='ltr'>de</span> <span class='ocrx_word' id='word_1_206' title='bbox 457 2823 579 2898; x_wconf 89' lang='lat' dir='ltr'>septem</span> <span class='ocrx_word' id='word_1_207' title='bbox 595 2811 711 2898; x_wconf 86' lang='lat' dir='ltr'>genitis</span> <span class='ocrx_word' id='word_1_208' title='bbox 728 2811 912 2898; x_wconf 83' lang='lat' dir='ltr'>Amphione</span> <span class='ocrx_word' id='word_1_209' title='bbox 928 2811 1027 2877; x_wconf 86' lang='lat' dir='ltr'>fortes</span> 
     </span>
     <span class='ocr_line' id='line_1_31' title="bbox 247 2897 1066 2983; baseline -0.005 -18"><span class='ocrx_word' id='word_1_210' title='bbox 247 2899 463 2965; x_wconf 88' lang='lat' dir='ltr'>conscendunt</span> <span class='ocrx_word' id='word_1_211' title='bbox 479 2898 513 2963; x_wconf 90' lang='lat' dir='ltr'>in</span> <span class='ocrx_word' id='word_1_212' title='bbox 530 2919 628 2981; x_wconf 90' lang='lat' dir='ltr'>equos</span> <span class='ocrx_word' id='word_1_213' title='bbox 646 2898 809 2983; x_wconf 87' lang='lat' dir='ltr'>Tyrioque</span> <span class='ocrx_word' id='word_1_214' title='bbox 825 2897 971 2962; x_wconf 91' lang='lat' dir='ltr'>rubentia</span> <span class='ocrx_word' id='word_1_215' title='bbox 988 2918 1066 2962; x_wconf 91' lang='lat' dir='ltr'>suco</span> 
     </span>
     <span class='ocr_line' id='line_1_32' title="bbox 246 2982 1180 3071; baseline -0.003 -21"><span class='ocrx_word' id='word_1_216' title='bbox 246 2997 338 3071; x_wconf 87' lang='lat' dir='ltr'>terga</span> <span class='ocrx_word' id='word_1_217' title='bbox 354 2994 502 3070; x_wconf 88' lang='lat' dir='ltr'>premunt</span> <span class='ocrx_word' id='word_1_218' title='bbox 518 3004 660 3066; x_wconf 90' lang='lat' dir='ltr'>auroque</span> <span class='ocrx_word' id='word_1_219' title='bbox 676 3006 792 3069; x_wconf 82' lang='lat' dir='ltr'>graves</span> <span class='ocrx_word' id='word_1_220' title='bbox 808 2984 1013 3049; x_wconf 88' lang='lat' dir='ltr'>moderantur</span> <span class='ocrx_word' id='word_1_221' title='bbox 1029 2982 1180 3048; x_wconf 86' lang='lat' dir='ltr'>habenas.</span> 
     </span>
     <span class='ocr_line' id='line_1_33' title="bbox 248 3068 1079 3153; baseline -0.004 -18"><span class='ocrx_word' id='word_1_222' title='bbox 248 3092 266 3135; x_wconf 88' lang='lat' dir='ltr'>e</span> <span class='ocrx_word' id='word_1_223' title='bbox 283 3069 399 3153; x_wconf 90' lang='lat' dir='ltr'>quibus</span> <span class='ocrx_word' id='word_1_224' title='bbox 416 3070 577 3146; x_wconf 89' lang='lat' dir='ltr'>Ismenus,</span> <span class='ocrx_word' id='word_1_225' title='bbox 594 3068 650 3153; x_wconf 91' lang='lat' dir='ltr'>qui</span> <span class='ocrx_word' id='word_1_226' title='bbox 667 3068 760 3133; x_wconf 87' lang='lat' dir='ltr'>matri</span> <span class='ocrx_word' id='word_1_227' title='bbox 778 3068 902 3133; x_wconf 86' lang='lat' dir='ltr'>sarcina</span> <span class='ocrx_word' id='word_1_228' title='bbox 919 3069 1079 3152; x_wconf 84' lang='lat' dir='ltr'>quondam</span> 
     </span>
    </p>

    <p class='ocr_par' dir='ltr' id='par_1_14' title="bbox 179 3153 1105 3340">
     <span class='ocr_line' id='line_1_34' title="bbox 179 3153 1105 3242; baseline 0 -23"><span class='ocrx_word' id='word_1_229' title='bbox 179 3177 229 3228; x_wconf 75' lang='lat'>225</span> <span class='ocrx_word' id='word_1_230' title='bbox 248 3155 350 3242; x_wconf 89' lang='lat' dir='ltr'>prima</span> <span class='ocrx_word' id='word_1_231' title='bbox 367 3177 443 3219; x_wconf 91' lang='lat' dir='ltr'>suae</span> <span class='ocrx_word' id='word_1_232' title='bbox 460 3155 579 3230; x_wconf 84' lang='lat' dir='ltr'>fuerat,</span> <span class='ocrx_word' id='word_1_233' title='bbox 597 3154 674 3218; x_wconf 89' lang='lat' dir='ltr'>dum</span> <span class='ocrx_word' id='word_1_234' title='bbox 692 3165 813 3219; x_wconf 90' lang='lat' dir='ltr'>certum</span> <span class='ocrx_word' id='word_1_235' title='bbox 829 3153 928 3219; x_wconf 88' lang='lat' dir='ltr'>flectit</span> <span class='ocrx_word' id='word_1_236' title='bbox 943 3154 977 3218; x_wconf 91' lang='lat' dir='ltr'>in</span> <span class='ocrx_word' id='word_1_237' title='bbox 994 3154 1105 3219; x_wconf 92' lang='lat' dir='ltr'>orbem</span> 
     </span>
     <span class='ocr_line' id='line_1_35' title="bbox 247 3240 1079 3340; baseline 0 -35"><span class='ocrx_word' id='word_1_238' title='bbox 247 3240 462 3340; x_wconf 90' lang='lat' dir='ltr'>quadrupedis</span> <span class='ocrx_word' id='word_1_239' title='bbox 480 3262 590 3304; x_wconf 92' lang='lat' dir='ltr'>cursus</span> <span class='ocrx_word' id='word_1_240' title='bbox 612 3240 855 3325; x_wconf 86' lang='lat' dir='ltr'>spumantiaque</span> <span class='ocrx_word' id='word_1_241' title='bbox 872 3260 928 3304; x_wconf 92' lang='lat' dir='ltr'>ora</span> <span class='ocrx_word' id='word_1_242' title='bbox 945 3251 1079 3313; x_wconf 89' lang='lat' dir='ltr'>coercet,</span> 
     </span>
    </p>

    <p class='ocr_par' dir='ltr' id='par_1_15' title="bbox 247 3324 1074 3581">
     <span class='ocr_line' id='line_1_36' title="bbox 247 3324 1074 3411; baseline -0.005 -19"><span class='ocrx_word' id='word_1_243' title='bbox 247 3326 293 3392; x_wconf 89' lang='lat' dir='ltr'>‘ei</span> <span class='ocrx_word' id='word_1_244' title='bbox 310 3325 417 3391; x_wconf 87' lang='lat' dir='ltr'>mihrl&#39;</span> <span class='ocrx_word' id='word_1_245' title='bbox 435 3327 612 3390; x_wconf 84' lang='lat' dir='ltr'>conclamat</span> <span class='ocrx_word' id='word_1_246' title='bbox 628 3325 797 3409; x_wconf 90' lang='lat' dir='ltr'>medioque</span> <span class='ocrx_word' id='word_1_247' title='bbox 815 3324 848 3388; x_wconf 92' lang='lat' dir='ltr'>iu</span> <span class='ocrx_word' id='word_1_248' title='bbox 864 3335 992 3411; x_wconf 86' lang='lat' dir='ltr'>pectore</span> <span class='ocrx_word' id='word_1_249' title='bbox 1008 3325 1074 3389; x_wconf 82' lang='lat' dir='ltr'>fixa</span> 
     </span>
     <span class='ocr_line' id='line_1_37' title="bbox 247 3409 1040 3497; baseline -0.004 -21"><span class='ocrx_word' id='word_1_250' title='bbox 247 3413 310 3477; x_wconf 87' lang='lat' dir='ltr'>tela</span> <span class='ocrx_word' id='word_1_251' title='bbox 327 3412 423 3497; x_wconf 81' lang='lat' dir='ltr'>gerit,</span> <span class='ocrx_word' id='word_1_252' title='bbox 440 3410 600 3495; x_wconf 87' lang='lat' dir='ltr'>frenisque</span> <span class='ocrx_word' id='word_1_253' title='bbox 618 3433 716 3474; x_wconf 88' lang='lat' dir='ltr'>manu</span> <span class='ocrx_word' id='word_1_254' title='bbox 732 3409 885 3475; x_wconf 91' lang='lat' dir='ltr'>moriente</span> <span class='ocrx_word' id='word_1_255' title='bbox 901 3411 1040 3474; x_wconf 86' lang='lat' dir='ltr'>remissis</span> 
     </span>
     <span class='ocr_line' id='line_1_38' title="bbox 247 3495 959 3581; baseline -0.003 -21"><span class='ocrx_word' id='word_1_256' title='bbox 247 3498 280 3561; x_wconf 92' lang='lat' dir='ltr'>in</span> <span class='ocrx_word' id='word_1_257' title='bbox 297 3496 380 3561; x_wconf 89' lang='lat' dir='ltr'>latus</span> <span class='ocrx_word' id='word_1_258' title='bbox 398 3519 418 3561; x_wconf 91' lang='lat' dir='ltr'>a</span> <span class='ocrx_word' id='word_1_259' title='bbox 435 3495 547 3562; x_wconf 86' lang='lat' dir='ltr'>dextro</span> <span class='ocrx_word' id='word_1_260' title='bbox 564 3496 718 3581; x_wconf 90' lang='lat' dir='ltr'>paulatim</span> <span class='ocrx_word' id='word_1_261' title='bbox 735 3495 845 3560; x_wconf 88' lang='lat' dir='ltr'>defluit</span> <span class='ocrx_word' id='word_1_262' title='bbox 862 3517 959 3559; x_wconf 88' lang='lat' dir='ltr'>armo.</span> 
     </span>
    </p>

    <p class='ocr_par' dir='ltr' id='par_1_16' title="bbox 181 3580 1136 3987">
     <span class='ocr_line' id='line_1_39' title="bbox 181 3580 1053 3666; baseline -0.002 -20"><span class='ocrx_word' id='word_1_263' title='bbox 181 3604 231 3654; x_wconf 77' lang='lat'>230</span> <span class='ocrx_word' id='word_1_264' title='bbox 248 3582 425 3666; x_wconf 85' lang='lat' dir='ltr'>proximus,</span> <span class='ocrx_word' id='word_1_265' title='bbox 443 3581 551 3646; x_wconf 89' lang='lat' dir='ltr'>audito</span> <span class='ocrx_word' id='word_1_266' title='bbox 568 3581 674 3645; x_wconf 90' lang='lat' dir='ltr'>sonitu</span> <span class='ocrx_word' id='word_1_267' title='bbox 691 3603 749 3665; x_wconf 90' lang='lat' dir='ltr'>per</span> <span class='ocrx_word' id='word_1_268' title='bbox 764 3581 859 3645; x_wconf 90' lang='lat' dir='ltr'>inane</span> <span class='ocrx_word' id='word_1_269' title='bbox 876 3580 1053 3665; x_wconf 87' lang='lat' dir='ltr'>pharetrae,</span> 
     </span>
     <span class='ocr_line' id='line_1_40' title="bbox 247 3665 1136 3752; baseline 0.001 -21"><span class='ocrx_word' id='word_1_270' title='bbox 247 3668 338 3731; x_wconf 86' lang='lat' dir='ltr'>frena</span> <span class='ocrx_word' id='word_1_271' title='bbox 355 3666 453 3730; x_wconf 90' lang='lat' dir='ltr'>dabat</span> <span class='ocrx_word' id='word_1_272' title='bbox 471 3665 616 3752; x_wconf 84' lang='lat' dir='ltr'>Sipylus:</span> <span class='ocrx_word' id='word_1_273' title='bbox 634 3666 732 3731; x_wconf 88' lang='lat' dir='ltr'>veluti</span> <span class='ocrx_word' id='word_1_274' title='bbox 749 3687 821 3730; x_wconf 89' lang='lat' dir='ltr'>cum</span> <span class='ocrx_word' id='word_1_275' title='bbox 861 3666 1000 3731; x_wconf 91' lang='lat' dir='ltr'>raescius</span> <span class='ocrx_word' id='word_1_276' title='bbox 1017 3666 1136 3732; x_wconf 89' lang='lat' dir='ltr'>imbres</span> 
     </span>
     <span class='ocr_line' id='line_1_41' title="bbox 247 3688 1049 3837; baseline -0.001 -21"><span class='ocrx_word' id='word_1_277' title='bbox 247 3752 334 3816; x_wconf 91' lang='lat' dir='ltr'>nube</span> <span class='ocrx_word' id='word_1_278' title='bbox 350 3751 434 3837; x_wconf 82' lang='lat' dir='ltr'>fugit</span> <span class='ocrx_word' id='word_1_279' title='bbox 451 3752 519 3815; x_wconf 87' lang='lat' dir='ltr'>visa</span> <span class='ocrx_word' id='word_1_280' title='bbox 536 3750 770 3837; x_wconf 86' lang='lat' dir='ltr'>pendentiaque</span> <span class='ocrx_word' id='word_1_281' title='bbox 787 3688 928 3835; x_wconf 81' lang='lat' dir='ltr'>undique</span> <span class='ocrx_word' id='word_1_282' title='bbox 946 3763 1049 3816; x_wconf 89' lang='lat' dir='ltr'>rector</span> 
     </span>
     <span class='ocr_line' id='line_1_42' title="bbox 248 3835 1005 3919; baseline -0.001 -18"><span class='ocrx_word' id='word_1_283' title='bbox 248 3835 381 3901; x_wconf 90' lang='lat' dir='ltr'>carbasa</span> <span class='ocrx_word' id='word_1_284' title='bbox 397 3835 540 3913; x_wconf 89' lang='lat' dir='ltr'>deducit,</span> <span class='ocrx_word' id='word_1_285' title='bbox 556 3858 597 3901; x_wconf 90' lang='lat' dir='ltr'>ne</span> <span class='ocrx_word' id='word_1_286' title='bbox 614 3835 774 3919; x_wconf 88' lang='lat' dir='ltr'>qualevis</span> <span class='ocrx_word' id='word_1_287' title='bbox 791 3836 901 3900; x_wconf 88' lang='lat' dir='ltr'>effluat</span> <span class='ocrx_word' id='word_1_288' title='bbox 918 3859 1005 3902; x_wconf 82' lang='lat' dir='ltr'>aura.</span> 
     </span>
     <span class='ocr_line' id='line_1_43' title="bbox 249 3920 972 3987; baseline 0.003 -4"><span class='ocrx_word' id='word_1_289' title='bbox 249 3921 339 3984; x_wconf 87' lang='lat' dir='ltr'>frena</span> <span class='ocrx_word' id='word_1_290' title='bbox 355 3930 462 3985; x_wconf 89' lang='lat' dir='ltr'>tamen</span> <span class='ocrx_word' id='word_1_291' title='bbox 479 3921 607 3987; x_wconf 86' lang='lat' dir='ltr'>dantem</span> <span class='ocrx_word' id='word_1_292' title='bbox 624 3943 689 3985; x_wconf 89' lang='lat' dir='ltr'>nou</span> <span class='ocrx_word' id='word_1_293' title='bbox 707 3920 855 3987; x_wconf 86' lang='lat' dir='ltr'>evitabile</span> <span class='ocrx_word' id='word_1_294' title='bbox 872 3923 972 3987; x_wconf 89' lang='lat' dir='ltr'>telum</span> 
     </span>
    </p>

    <p class='ocr_par' dir='ltr' id='par_1_17' title="bbox 182 4005 1100 4183">
     <span class='ocr_line' id='line_1_44' title="bbox 182 4005 1100 4092; baseline -0.005 -13"><span class='ocrx_word' id='word_1_295' title='bbox 182 4026 231 4080; x_wconf 75' lang='lat' dir='ltr'>tto</span> <span class='ocrx_word' id='word_1_296' title='bbox 250 4005 466 4088; x_wconf 90' lang='lat' dir='ltr'>consequitur,</span> <span class='ocrx_word' id='word_1_297' title='bbox 484 4026 671 4090; x_wconf 89' lang='lat' dir='ltr'>summaque</span> <span class='ocrx_word' id='word_1_298' title='bbox 688 4017 826 4071; x_wconf 87' lang='lat' dir='ltr'>tremens</span> <span class='ocrx_word' id='word_1_299' title='bbox 844 4008 965 4072; x_wconf 86' lang='lat' dir='ltr'>cervice</span> <span class='ocrx_word' id='word_1_300' title='bbox 983 4006 1100 4092; x_wconf 86' lang='lat' dir='ltr'>sagitta</span> 
     </span>
     <span class='ocr_line' id='line_1_45' title="bbox 251 4089 1049 4183; baseline 0 -24"><span class='ocrx_word' id='word_1_301' title='bbox 251 4089 366 4174; x_wconf 89' lang='lat' dir='ltr'>haesit,</span> <span class='ocrx_word' id='word_1_302' title='bbox 384 4104 416 4158; x_wconf 86' lang='lat' dir='ltr'>et</span> <span class='ocrx_word' id='word_1_303' title='bbox 434 4089 561 4158; x_wconf 85' lang='lat' dir='ltr'>extabat</span> <span class='ocrx_word' id='word_1_304' title='bbox 579 4093 701 4159; x_wconf 87' lang='lat' dir='ltr'>nudum</span> <span class='ocrx_word' id='word_1_305' title='bbox 719 4093 758 4158; x_wconf 89' lang='lat' dir='ltr'>de</span> <span class='ocrx_word' id='word_1_306' title='bbox 774 4105 903 4183; x_wconf 86' lang='lat' dir='ltr'>gutture</span> <span class='ocrx_word' id='word_1_307' title='bbox 920 4093 1049 4160; x_wconf 85' lang='lat' dir='ltr'>ferrum.</span> 
     </span>
    </p>
   </div>
   <div class='ocr_carea' id='block_1_3' title="bbox 0 0 1411 4500">
    <p class='ocr_par' dir='ltr' id='par_1_18' title="bbox 0 0 1411 4500">
     <span class='ocr_line' id='line_1_46' title="bbox 0 0 1411 4500; baseline 0 0"><span class='ocrx_word' id='word_1_308' title='bbox 0 0 1411 4500; x_wconf 95' lang='lat' dir='ltr'> </span> 
     </span>
    </p>
   </div>
  </div>
 </body>
</html>
