2800 4500
295 257 663 317 rursuomuosnou
679 258 753 315 nm.
772 259 851 331 vm.
869 259 1015 318 sar-ass
1106 246 1167 312 13⁷

145 406 293 450 successu
310 383 451 449 tumidus
468 406 502 449 re
547 406 603 448 um
622 379 797 467 Calydonis
814 381 957 450 habebit:
1185 398 1235 450 495

144 493 202 535 vos
220 469 298 535 cinis
315 469 450 556 exiguus
466 491 507 571 ge
520 468 655 553 'dasque
670 468 813 533 iacebitis
831 469 981 534 umbrae?

144 555 232 620 haud
249 556 395 639 equidem
413 564 526 641 pat1ar.
569 567 679 640 pereat
696 554 868 619 sceleratus
885 565 917 620 et
933 555 986 619 ille

146 662 299 726 spemque
315 641 414 727 patris
431 661 629 727 regnumque
645 639 751 703 trahat
767 640 951 724 patriaeque
968 639 1103 706 ruinam.

144 734 235 791 mens
252 726 308 791 ubi
324 736 467 792 materna
484 726 549 791 esti
566 725 623 790 ubi
639 724 785 826 suntpia
800 725 871 789 iura
886 736 1056 810 parentum

146 824 178 877 et
194 830 274 895 qnos
292 810 427 876 sustinui
443 811 492 876 bis
509 832 656 876 mensum
672 831 814 894 qumque
831 810 974 875 labores?
1186 829 1238 880 555

146 919 166 961 5
183 896 305 962 utinam
321 896 432 984 primis
449 897 580 962 arsisses
597 895 725 982 ignibus
742 895 858 972 infans,

146 982 243 1067 idque
261 1004 322 1068 ego
339 1005 434 1068 passa
450 981 566 1048 foreml
602 981 709 1047 vixisti
726 1004 857 1047 munere
874 992 982 1047 nostro
987 1003 998 1059 ς

146 1089 232 1134 nunc
248 1067 360 1133 merito
377 1068 510 1133 moriere
527 1079 592 1132 tuo.
637 1088 716 1152 cape
732 1067 874 1153 praemia
890 1067 976 1144 facti,

146 1153 258 1236 bisque
277 1153 398 1229 datam,
415 1153 551 1239 primum
569 1162 677 1238 partu,
695 1174 770 1217 mox
788 1152 893 1238 stipite
909 1164 1012 1239 rapto,

146 1239 244 1304 redde
262 1238 411 1315 animam,
427 1273 472 1286 -
487 1238 538 1305 vel
555 1260 607 1305 me
624 1237 771 1305 fraternis
789 1238 870 1304 adde
889 1260 922 1303 se
945 1235 1052 1303 ulcrisl
1186 1254 1237 1306 555

146 1335 178 1389 st
195 1324 300 1409 cupio,
317 1335 349 1389 et
366 1345 500 1407 nequeo.
543 1322 621 1407 quid
638 1325 753 1409 agam?
769 1323 901 1388 modov
936 1346 1014 1389 nera
1030 1321 1165 1387 fratrum
1231 1350 1234 1353 ¹

146 1421 219 1475 ante
237 1410 346 1475 oculos
363 1409 440 1474 mihi
457 1420 531 1474 sunt
549 1420 581 1474 et
598 1420 706 1475 tantae
723 1409 829 1475 caedis
846 1409 967 1495 imago:

145 1517 231 1560 nunc
247 1495 388 1559 animum
405 1494 506 1580 pietas
523 1505 729 1579 maternaque
746 1494 875 1559 nomina
891 1494 1054 1581 frangunt.

145 1602 197 1645 me
214 1579 376 1646 miseram!
402 1581 485 1646 male
502 1580 649 1657 vincetis,
668 1580 725 1646 sed
741 1580 873 1656 vincite,
890 1580 1018 1646 fratres:

145 1666 328 1742 dummodo,
345 1687 428 1750 quae
445 1665 561 1731 dedero
579 1665 684 1743 vobis,
701 1666 819 1731 solacia
835 1687 956 1749 vosque
1185 1686 1238 1736 515

144 1751 214 1900 ipsa
231 1752 365 1836 sequar?
409 1751 502 1829 dixit,
520 1751 695 1835 dextraque
713 1773 825 1817 aversa
840 1749 987 1816 trementi

159 1859 313 1902 unereum
329 1848 447 1903 torrem
463 1837 585 1902 medios
602 1836 737 1902 coniecit
753 1837 786 1900 in
803 1836 906 1922 ignes.

145 1934 201 1986 aut
217 1922 319 1999 dedit,
337 1933 393 1986 aut
409 1921 496 1986 visus
513 1921 650 2007 gemitus
667 1932 716 1987 cst
725 1921 794 2006 ipse
803 1921 928 1987 dedisse

144 2007 254 2092 stipes,
269 2017 305 2071 ut
320 2006 427 2071 invitis
445 2027 533 2071 corre
557 2017 607 2070 tus
626 2005 667 2070 ab
683 2006 813 2092 ignibus
831 2007 916 2070 arsit.

144 2091 262 2191 inscius
279 2101 375 2174 atque
393 2090 507 2191 absens
524 2028 653 2191 tiburtus
669 2090 854 2190 Meleagros
872 2090 914 2155 ab
930 2090 987 2156 illa
1186 2109 1236 2161 515

144 2187 256 2254 untur,
274 2186 307 2240 et
324 2196 425 2241 caecis
444 2187 554 2241 torren
571 2197 693 2241 vrscera
710 2188 805 2240 sentit

144 2261 273 2347 ignibus
291 2283 329 2328 ao
346 2282 479 2347 magnos
497 2274 626 2347 superat
643 2261 759 2328 virtute
775 2261 909 2328 dolores.

144 2346 230 2430 quod
248 2357 354 2412 tamen
372 2347 489 2433 ignavo
507 2347 600 2413 cadat
617 2358 650 2414 et
666 2347 735 2414 sine
752 2347 906 2433 sanguine
922 2348 998 2427 leto,

143 2444 263 2497 maeret
268 2479 278 2510 ,
296 2442 329 2497 et
344 2431 469 2500 Ancaei
487 2432 592 2498 felicia
609 2434 742 2499 vulnera
758 2433 847 2498 dicit:

141 2518 424 2604 grandaevumque
440 2528 563 2604 patrem
580 2519 757 2602 fratresque
774 2519 907 2605 piasque
924 2540 1048 2586 sorores
1186 2539 1237 2589 520

142 2625 216 2667 cum
233 2602 355 2689 gemitu
372 2602 554 2687 sociamque
570 2603 630 2669 tori
647 2615 741 2670 vocat
757 2627 812 2669 ore
829 2626 992 2689 supremo:

141 2688 275 2754 forsitan
293 2699 325 2753 et
340 2699 485 2756 matrem.
529 2701 676 2754 crescunt
692 2688 839 2775 ignisque
856 2690 1010 2774 dolorque

141 2773 415 2859 languescuntque
431 2773 561 2840 iterum:
579 2774 680 2839 simul'
692 2787 741 2840 est
758 2775 915 2841 extinctus
933 2787 1077 2859 uterque,

141 2858 238 2942 inque
255 2858 342 2924 leves
359 2857 438 2924 abiit
454 2859 609 2945 paulatim
626 2861 756 2945 spiritus
773 2882 867 2925 auras

141 2944 296 3029 paulatim
313 2966 393 3008 cana
432 2966 545 3009 runam
561 2945 687 3010 velante
704 2945 822 3010 favilla.
1185 2966 1236 3018 525

142 3029 206 3093 alta
222 3028 305 3094 iacet
324 2966 484 3115 Calydon:
502 3029 615 3116 lugent
630 3031 825 3116 iuvenesque
843 3049 1021 3116 senesque,

142 3113 321 3199 vulgusque
339 3136 484 3199 proceres
507 3137 547 3181 ue
564 3127 712 3200 gemunt,
730 3117 910 3200 scissaeque
928 3118 1058 3201 capillos

141 3199 336 3285 planguntur
353 3210 469 3265 matres
485 3136 705 3286 balydontdes
723 3200 898 3267 Eueninae.

141 3284 273 3370 pulvere
291 3283 437 3350 canitiem
455 3285 580 3371 genitor
596 3288 767 3371 vultusque
785 3287 899 3353 seniles

141 3369 249 3434 foedat
265 3369 354 3434 humi
372 3370 462 3436 fusus
480 3372 718 3456 spatiosumque
735 3371 877 3457 increpat
894 3395 1018 3439 aevum.
1185 3392 1236 3443 530

140 3477 215 3518 nam
234 3454 274 3519 de
292 3465 392 3521 matre
410 3477 537 3533 manus,
556 3456 616 3521 diri
634 3457 695 3522 sibi
712 3457 839 3522 conscia
855 3456 942 3536 facti,

141 3537 248 3624 exegit
288 3560 400 3616 oenas,
418 3551 488 3606 acto
506 3564 564 3627 per
581 3542 704 3608 viscera
720 3542 814 3608 ferro.

141 3645 206 3690 non
223 3623 266 3687 mi
291 3623 298 3639 ‘
318 3623 346 3688 si
363 3637 490 3690 centum
508 3626 588 3692 deus
606 3649 662 3692 ora
679 3627 824 3692 sonantia
840 3628 958 3713 linguis
1106 3625 1238 3696 Meteapn·

141 3708 368 3809 ingeniumque
386 3731 487 3795 capax
505 3722 669 3795 totumque
685 3712 842 3778 Helicona
859 3713 1007 3791 dedisset,
1111 3712 1222 3749 sorore.

141 3805 242 3858 trrstra
259 3815 465 3879 persequerer
481 3797 667 3862 miserarum
685 3808 761 3862 vota
777 3818 930 3862 sororum.
1183 3816 1233 3866 535

141 3879 342 3950 immemores
360 3880 483 3945 decoris
500 3881 631 3947 liventia
647 3895 777 3967 pectora
795 3884 945 3961 tundunt3

141 3965 282 4047 dumque
300 3976 406 4044 manet
424 3987 554 4051 corpus,
572 3988 687 4054 eorpus
704 3967 912 4053 refoventque
929 3969 1118 4054 foventqum

140 4050 250 4115 oscula
267 4049 343 4115 dant
359 4049 435 4138 ipsi,
451 4051 555 4139 posito
573 4052 651 4119 dant
667 4053 777 4121 oscula
793 4053 891 4133 lecto;
