2800 4500
2 2549 19 2646 ll

18 2649 20 2662 t

6 2691 17 2700 ,t

5 2703 15 2714 tl

3 2731 10 2748 Ἴ

0 2755 2 2762 ⁴

246 285 310 357 268
407 301 455 313 ”
580 300 614 358 Ρ.
633 301 759 361 OVIDII
775 299 939 361 NASONIS

247 427 338 504 ‘rex,'
357 426 401 494 ait
418 432 452 492 ‘o
470 424 571 492 salvel
598 426 657 490 tibi
675 425 770 502 enim,
787 426 860 502 tibi,
878 423 975 512 ine,
993 427 1119 513 tuisque

247 513 298 579 hic
313 513 403 578 locus
421 523 453 578 et
469 511 583 576 Latiae
600 512 758 597 parebunt
774 511 922 577 cornibus
939 535 1038 579 arces.

246 609 282 663 tu
298 598 393 663 modo
410 620 522 683 rumpe
539 619 644 662 moras
660 609 833 687 portasque
849 597 966 664 intrare
983 611 1127 685 patentes

247 707 431 770 appropera.
475 683 521 748 sic
536 682 603 747 fata
619 682 740 748 iubent.
783 706 921 768 namque
938 684 1016 750 urbe
1032 697 1179 772 receptus

179 789 228 838 665
246 769 381 836 rexeris
398 781 431 835 et
447 790 499 834 sce
522 778 571 832 tro
588 779 676 833 tutus
693 768 815 853 potiere
831 770 982 854 perenni.’

246 854 365 921 rettulit
381 854 434 919 ille
450 791 579 939 perlem,
597 863 784 938 torvamque
801 876 821 918 a
837 855 1003 920 moenibus
1020 856 1110 923 urbis

246 951 391 1007 avertens
407 938 522 1005 faciem
540 939 678 1024 ‘procul,
696 938 730 1004 al
747 939 859 1024 procul
877 939 995 1004 omina’
1014 941 1095 1006 dixit

247 1025 336 1090 ‘talia
353 1025 386 1089 di
402 1025 535 1111 pellunt3
552 1024 717 1108 multoque
734 1046 795 1110 ego
811 1024 924 1089 iustius
941 1048 1056 1091 aevum

246 1111 320 1177 exul
338 1133 446 1196 agam,
464 1132 560 1194 quam
577 1132 629 1176 me
645 1109 776 1175 videant
793 1107 952 1195 Capitolia
968 1112 1098 1197 regem)

178 1217 229 1267 690
247 1197 326 1262 dixit
343 1208 374 1262 et
391 1195 549 1281 extemplo
566 1196 783 1281 populumque
800 1217 994 1280 gravemque
1012 1210 1157 1265 senatum

247 1292 409 1348 convocat.
453 1293 527 1345 ante
543 1291 651 1346 tamen
667 1281 770 1366 pacali
788 1302 907 1355 cornua
922 1280 1013 1349 lauro

246 1368 331 1432 velat
348 1377 380 1432 et
396 1366 567 1450 aggeribus
584 1365 676 1431 factis
694 1388 714 1429 6
730 1367 829 1431 milite
845 1367 920 1431 forti

245 1451 361 1517 insistit
377 1451 544 1537 priscoque
562 1451 638 1517 deos
656 1473 674 1516 e
690 1472 779 1517 more
795 1463 943 1537 precatus

247 1537 323 1603 ‘est’
341 1537 385 1601 ait
402 1536 468 1601 ‘hic
485 1559 583 1611 unus,
599 1557 695 1620 quem
713 1559 771 1602 vos
787 1537 821 1601 ni
838 1537 953 1623 pellitis
970 1538 1060 1616 urbe,
1178 1585 1181 1587 Α

179 1643 228 1692 696
246 1646 302 1688 rex
320 1623 387 1688 erit.
430 1621 458 1686 is
475 1621 533 1705 qui-
547 1621 602 1699 sit,
620 1621 723 1707 signo,
740 1644 804 1687 non
821 1623 948 1688 nomine
965 1624 1085 1690 dicamr

246 1730 364 1774 cornua
380 1707 485 1771 fronte
501 1708 593 1792 gerit
636 1727 734 1791 quem
751 1707 841 1772 vobis
858 1708 977 1774 indicat
993 1732 1106 1796 augur,

245 1793 273 1859 si
290 1792 425 1858 Romam
442 1791 579 1869 intrarit,
596 1791 765 1857 famularia
780 1793 851 1857 iura
868 1794 1026 1859 daturum.

245 1879 298 1943 ille
316 1877 445 1962 quidem
460 1878 564 1962 potuit
579 1888 688 1964 portas
704 1878 880 1964 irrumpere
897 1891 1035 1981 apertas:

212 2016 215 2022 ,
247 1962 304 2029 sed
320 1986 378 2028 nos
397 1963 585 2041 obstitimus,
603 1963 750 2047 quamvis
767 1964 964 2029 coniunctior
980 1964 1033 2030 illo

179 2069 229 2117 600
245 2070 339 2114 nemo
357 2048 434 2113 mihi
451 2060 508 2113 est.
551 2071 608 2114 vos
626 2049 706 2115 urbe
723 2049 826 2114 virum
840 2050 1019 2150 prohibete,
1037 2049 1188 2133 Quirites,

246 2135 311 2211 vel,
329 2134 356 2199 si
374 2135 489 2220 dignus
507 2134 579 2211 erit,
596 2135 750 2220 gravibus
766 2135 883 2200 vincrte
901 2136 1034 2201 catenis:

247 2230 302 2286 aut
318 2219 405 2286 finite
421 2232 542 2285 metum
559 2219 664 2286 fatalis
681 2232 783 2287 morte
800 2221 946 2305 tyranni?

245 2306 352 2392 qualia
370 2306 551 2382 succinctis,
568 2306 625 2371 ubi
642 2317 716 2371 trux
733 2306 874 2372 insibilat
890 2329 996 2384 eurus,

247 2413 409 2455 murmura
426 2391 540 2476 pinetis
556 2390 650 2468 fiunt,
669 2403 725 2456 aut
742 2392 848 2475 qualia
865 2392 980 2456 fluctus

179 2496 228 2544 666
247 2476 395 2559 aequorei
412 2476 548 2552 fuciunt,
565 2476 592 2539 si
609 2476 681 2560 quis
697 2477 808 2560 procul
825 2477 933 2542 audiat
949 2477 1034 2542 illos:

247 2561 309 2626 tale
327 2571 417 2625 sonat
434 2562 580 2646 populus.
624 2561 682 2625 sed
697 2583 756 2646 per
772 2562 905 2626 confusa
921 2562 1085 2628 frementis

247 2646 344 2710 verba
361 2657 466 2710 temen
484 2646 573 2731 vulgi
590 2667 653 2709 vox
670 2646 789 2712 eminet
805 2669 883 2711 una:
902 2648 988 2732 ‘quis
1005 2648 1058 2713 ille
1075 2648 1156 2714 est?

246 2743 278 2796 et
294 2743 439 2817 spectant
455 2731 575 2796 frontes
592 2731 818 2816 praedictaque
836 2755 955 2797 cornua
971 2744 1137 2817 quaerunt.

246 2839 354 2881 rursus
372 2817 487 2881 adhoc
506 2814 608 2902 Cipus
626 2823 737 2900 ‘quem
753 2817 902 2903 poscitis,’
920 2818 1023 2902 inquit
1041 2819 1195 2885 ‘habetisr

178 2922 228 2971 610
246 2913 277 2967 et
295 2902 423 2987 dempta
441 2901 549 3002 capiti,
566 2904 685 2989 populo
703 2903 905 2988 prohibente,
923 2925 1041 2970 corona

246 2987 389 3052 exhibuit
405 3009 532 3072 gemmo
548 2988 729 3073 praesignia
745 2999 889 3074 tempora
905 3010 1013 3053 cornu.

246 3073 399 3138 demisere
417 3074 525 3137 oculos
543 3095 653 3138 omnes
669 3074 888 3158 gemitumque
905 3073 1020 3139 dedere

247 3170 341 3241 atque
359 3157 438 3222 illud
455 3157 574 3222 meritis
591 3158 713 3222 clarum
729 3193 773 3206 -
790 3159 861 3242 quis
879 3159 1006 3225 credere
1023 3160 1141 3245 possit?
1156 3198 1201 3211 -

245 3243 337 3307 inviti
354 3242 460 3309 videre
478 3265 515 3307 ca
539 3255 589 3307 ut:
606 3264 667 3307 nec
683 3243 803 3308 honore
820 3267 928 3310 carere

178 3346 227 3394 crs
244 3329 375 3392 ulterius
393 3328 493 3412 passi,
511 3266 626 3393 lberam
642 3328 822 3413 imposuere
841 3350 999 3393 coronam.

246 3423 279 3477 at
296 3435 456 3512 proceres,
475 3413 625 3495 quoniam
644 3435 752 3477 muros
769 3414 885 3478 intrare
903 3414 1029 3492 vetaris,

244 3520 326 3562 rurrs
343 3498 488 3563 honorati
505 3510 628 3562 tantum
647 3497 718 3573 tibi,
738 3496 834 3583 Cipo,
853 3499 979 3577 dedere,

245 3595 399 3666 quantum
418 3582 567 3668 depresso
586 3583 735 3647 subiectis
753 3583 856 3648 bobus
874 3596 979 3649 aratro

131 3712 143 3756 »ἐ
245 3667 413 3754 complecti
429 3689 538 3753 posses
556 3668 598 3732 ad
617 3668 711 3733 linem
727 3667 807 3732 lucis
825 3669 866 3733 ab
884 3681 965 3734 ortu.

129 3771 148 3823 't
177 3773 226 3821 620
244 3774 424 3835 cornuaque
441 3753 555 3818 aeratis
572 3753 684 3816 mirem
701 3753 870 3817 referentia
886 3755 1021 3820 formam

242 3837 385 3921 postibus
403 3837 598 3922 insculpunt,
616 3838 748 3923 longum
766 3860 915 3904 mansura
931 3863 990 3926 per
1006 3863 1131 3908 aevum.

286 3920 423 3985 Pandite
436 3943 531 3998 nunc,
544 3922 671 3998 Musae,
688 3923 868 4022 praesentia
881 3925 1012 3990 numina
1026 3938 1135 3992 vatum
1169 3929 1273 4008 Acim-

244 4003 344 4086 (scitis
363 4004 463 4080 enim,
480 4028 539 4072 nec
557 4029 614 4071 vos
630 4007 712 4071 fallrt
730 4029 745 4071 s
768 4007 868 4073 etiosa
884 4013 1050 4097 vetustas),
1171 3997 1271 4067 ΜΡΝ·

245 4088 329 4156 uude
348 4085 530 4157 Coroniden
547 4091 732 4160 circumflua
745 4029 920 4185 ξ1100161616
937 4096 994 4164 alti
