2800 4500
234 290 277 362 58
566 305 590 364 Ρ
618 302 743 366 ovum
759 301 922 365 NASONIS

235 431 389 498 audacem
405 431 543 498 faciebat
559 456 656 499 amor.
699 433 786 499 venit
803 455 877 499 ecce
893 431 1013 498 recenti

235 518 332 584 caede
349 518 460 584 leaena
477 518 573 583 boum
591 529 775 605 spumantes
793 518 891 584 oblita
907 518 1015 595 rictus,

236 603 418 689 depositura
435 603 518 668 sitim
535 605 631 670 vicini
648 604 746 670 fontis
763 604 796 668 in
813 604 908 669 unda.

225 677 332 773 ‘duam
348 690 459 775 procul
476 690 518 754 ad
534 691 629 756 lunae
646 690 751 755 radios
768 689 948 775 Babylonia
964 688 1084 753 Thisbe

169 795 218 845 loo
235 774 328 851 vidit,
346 785 378 840 et
395 775 566 840 obscumm
592 776 704 840 timido
723 776 806 860 pede
822 775 906 860 fugit
922 775 956 838 in
972 784 1109 852 antrum,

236 862 376 944 dumque
393 860 491 946 fugit,
510 872 599 946 tergo
617 861 775 925 velamina
790 861 882 946 lapsa
897 858 1033 943 reliquit.

236 959 270 1011 nt
287 946 338 1011 lea
354 968 450 1011 saeva
468 945 551 1010 sitim
569 947 668 1010 multa
685 946 879 1031 compescuit
895 946 991 1021 unda,

236 1033 314 1097 dum
330 1031 412 1097 redit
427 1031 462 1096 in
479 1032 589 1108 silvas,
607 1031 752 1096 inventos
768 1031 851 1096 forte
867 1030 936 1096 sine
952 1031 1022 1116 ipsa

214 1139 290 1202 pre
308 1128 471 1182 cruentato
488 1129 600 1182 tenues
616 1116 749 1187 laniavit
766 1117 910 1182 amiotus.

67 1232 143 1303 ἦ
170 1223 218 1273 105
237 1202 336 1268 serius
353 1224 499 1289 egressus
516 1201 651 1288 vestigia
668 1201 747 1267 vidit
763 1201 797 1266 in
813 1203 878 1267 alto

140 1312 142 1315 ’
257 1289 366 1368 ulvere
384 1298 471 1353 certa
486 1286 574 1353 ferae
591 1298 721 1370 totoque
739 1288 891 1374 expalluit
908 1309 962 1353 ore

235 1313 405 1458 l³yramua
448 1382 485 1436 ut
500 1394 576 1438 vero
594 1383 715 1437 vestem
733 1394 860 1457 quoque
877 1372 1031 1458 sanguine
1047 1372 1180 1438 tinctam

236 1458 388 1545 repperit,
407 1463 497 1522 “una
514 1458 618 1522 duos’'
634 1457 737 1541 inquit
754 1465 844 1523 “nox
860 1457 972 1544 perdet
989 1471 1143 1523 amantes:

198 1568 255 1634 &e
271 1544 388 1629 quibus
405 1543 459 1608 illa
474 1544 536 1608 fuit
552 1543 648 1629 longa
665 1543 851 1628 dignissima
866 1543 965 1639 vittas

171 1652 220 1702 110
236 1641 344 1695 nostra
359 1651 478 1694 nocens
496 1628 601 1694 anima
619 1639 676 1694 est.
720 1650 780 1730 ego
798 1640 844 1706 te,
862 1628 1050 1707 miseranda,
1067 1629 1197 1715 peremi,

237 1716 270 1780 in
287 1717 362 1780 loca>
374 1714 469 1800 plena
485 1725 588 1780 metue
605 1713 660 1798 qui
676 1713 755 1783 iussi
772 1725 864 1780 nocte
881 1715 1015 1790 venires,

236 1823 300 1867 nec*
312 1800 398 1886 prior
415 1799 478 1864 huc
495 1800 577 1865 veni.
620 1811 764 1864 nostrum
782 1799 920 1866 divellite
938 1821 1053 1886 corpus

237 1897 270 1952 et
286 1887 439 1951 scelerata
454 1885 522 1965 fero
540 1885 715 1950 consumite
732 1885 855 1951 viscera
871 1907 988 1963 morsu,
1019 1892 1021 1899 ’

61 1966 159 2023 ‘4
237 1971 467 2056 oquioumque
484 1971 544 2036 sub
562 1970 623 2036 hao
639 1970 790 2036 habitatis
808 1993 900 2057 rupe,
918 1969 1040 2036 leonesl

172 2081 219 2129 115
237 2057 293 2122 sed
310 2057 412 2121 timidi
431 2068 479 2121 est
496 2068 605 2142 optare
622 2055 758 2121 necem''
775 2092 820 2104 -
835 2056 993 2122 velamina
1010 2056 1146 2124 Thisbes

221 2142 317 2237 ‘tollit
335 2153 367 2208 et
384 2142 426 2207 ad
442 2155 554 2228 pactae
572 2163 680 2207 secum
696 2141 759 2207 fert
776 2141 896 2207 arboris
913 2141 1070 2207 umbram.
1171 2195 1173 2200 .

237 2240 337 2312 utque
354 2227 441 2294 dedit
457 2238 551 2293 notae
567 2227 728 2304 lacrimae,
746 2227 834 2293 dedit
850 2227 959 2293 oscula
974 2228 1065 2305 vesti,

205 2315 259 2351 ·s“
264 2314 371 2400 accipe
384 2313 494 2379 nunc''
511 2313 614 2395 inquit
631 2313 755 2378 “nostri
768 2334 895 2397 quoque
909 2313 1071 2398 sanguinis
1085 2314 1256 2383 haustusl'’

237 2421 365 2483 quoque
382 2410 450 2464 erat
467 2397 787 2474 accinctus,sdemisit
802 2398 836 2462 in
852 2398 907 2462 ilia
920 2399 1053 2474 ferrum,
1195 2405 1198 2412 '

172 2508 221 2558 120
238 2506 298 2549 nec
315 2506 419 2561 mora,
436 2482 571 2548 ferventi
589 2482 726 2547 moriens
743 2505 761 2548 e
778 2484 909 2547 vulnere
925 2482 1031 2547 traxit.

237 2582 274 2636 ut
286 2569 382 2634 iacuit
398 2567 565 2653 resupinus
581 2567 692 2639 humo,
719 2587 813 2631 cruor
842 2567 956 2633 emicat
973 2568 1045 2645 alte,

238 2677 302 2720 non
320 2654 412 2719 aliter
427 2675 524 2737 quam
541 2674 615 2717 cum
633 2652 743 2717 vitiato
759 2651 866 2717 fistula
882 2653 1014 2738 plumbo

238 2740 391 2805 scinditur
408 2749 440 2806 et
456 2738 712 2804 tenuistridente
729 2737 883 2803 foramine
899 2738 1011 2824 longas

238 2825 411 2891 eiaculatur
427 2845 527 2908 aquas
544 2834 640 2907 atque
657 2822 772 2888 ictibus
789 2829 863 2888 adra
878 2822 1007 2908 rumpit.

172 2935 220 2984 125
239 2910 362 2976 arborei
379 2910 463 2975 fetus
480 2909 646 2995 aspergine
664 2908 770 2974 caedis
787 2908 820 2972 in
838 2918 937 2973 atram

238 3005 403 3062 vertuntur
418 2993 547 3073 faciem,
565 2994 807 3078 madefactaque
825 2993 979 3079 sanguine
996 2993 1087 3060 radix

225 3102 396 3177 purpureo
412 3080 529 3166 tinguit
545 3079 715 3165 pendentia
732 3101 819 3144 mora
837 3080 950 3144 colore.
967 3115 1012 3126 —

238 3188 312 3232 ecce
328 3177 416 3232 metu
432 3166 574 3231 nondum
591 3167 709 3251 posito,
727 3186 768 3229 ne
784 3165 873 3229 fallat
891 3175 1060 3242 amantem,

237 3251 292 3317 illa
309 3251 390 3317 redit
406 3252 616 3333 iuvenemque
634 3250 733 3315 oculis
751 3249 919 3334 animoque
936 3250 1077 3334 requirit,

171 3347 418 3438 1aojuantaque
435 3335 541 3401 vitarit
557 3335 842 3424 narrareppericula
858 3335 963 3422 gestit.
990 3411 1007 3419 -
1050 3410 1069 3424 Ι

237 3428 338 3506 utque
351 3420 457 3502 lotum
474 3427 507 3487 et
523 3404 591 3486 visa
605 3415 771 3506 cognoscit
787 3418 822 3485 in
832 3412 950 3486 arbore
960 3420 1111 3496 ‘formam

237 3507 283 3573 sic
300 3507 377 3572 facit
392 3503 544 3572 incertam
562 3507 648 3592 pomi
666 3507 766 3571 color:
783 3506 906 3583 haeret,
923 3529 964 3570 an
981 3507 1061 3571 haec
1078 3505 1128 3569 sit.

223 3589 696 3669 vdumdubitat,tre1nebunda
713 3592 799 3656 videt
815 3591 942 3676 pulsare
959 3601 1124 3656 cruentum
1193 3593 1311 3658 Ἤρ,
1393 3565 1394 3616 l

237 3678 379 3744 membra
396 3678 511 3752 solum,
528 3689 675 3761 retroque
692 3677 807 3762 pedem
824 3676 909 3752 tulit,
928 3697 1046 3760 oraque
1063 3676 1149 3739 buxo

171 3786 220 3836 1³5
236 3763 401 3849 pallidiora
418 3784 532 3864 gerens
549 3763 711 3827 exhorruit
728 3761 872 3845 aequoris
889 3761 996 3836 instar,

236 3848 323 3933 quod
339 3859 458 3924 tremrt,
475 3848 592 3933 exigua
609 3870 682 3913 oum
699 3869 859 3912 summum
877 3846 1040 3932 stringitur
1057 3868 1144 3912 aura.

237 3934 293 4000 sed
309 3944 478 4019 postquam
494 3944 652 3998 remorata
668 3953 743 3997 suos
761 3931 909 4018 cognovit
925 3952 1057 4008 amores,

136 4041 167 4090 s
236 4019 372 4107 percutit
388 4018 535 4104 indignos
552 4019 636 4084 claro
652 4020 806 4104 plangore
822 4017 967 4094 lacertos,
997 4083 1000 4084 γ

236 4117 268 4176 et
284 4105 402 4172 laniata
419 4126 526 4170 comae
544 4105 753 4191 amplexaque
771 4125 884 4191 corpus
902 4114 1043 4168 amatum
