2800 4500
229 256 270 323 10
557 265 590 325 Ρ.
610 262 736 328 OVIDII
752 263 915 326 NASONIS

228 397 345 545 detque
362 390 423 459 eibi
440 392 579 470 veniam,
597 393 714 479 pavido
732 403 824 479 rogat
841 414 909 469 ore,
927 401 1086 478 pavetque

228 485 278 547 lae
300 502 353 546 ere
370 480 493 545 iactatis
510 490 669 544 maternae
686 479 811 544 ossibus
828 478 967 543 umbrae.

228 568 349 632 interea
365 575 511 652 repetunt
527 565 630 630 caeoie
647 565 783 629 obseura
799 563 926 630 latebris

228 653 327 719 verba
343 652 436 717 datae
454 650 546 716 sortis
563 672 672 716 secum
689 650 771 715 inter
788 671 886 734 seque
904 651 1056 715 volutant.

161 761 211 812 390
227 740 303 803 inde
319 736 540 803 Promethides
557 737 690 822 placidis
707 735 913 822 Epimethida
929 735 1020 800 dictie

228 825 347 890 mulcet
363 838 395 889 et
412 828 484 887 ‘aut
499 821 611 887 fallax'
630 823 675 886 ait
692 828 755 886 ‘eet
772 821 910 887 sollertia
925 821 1028 898 nobie,

228 921 284 975 aut
299 909 354 995 pia
370 919 445 973 eunt
460 907 646 991 nullumque
663 906 755 972 nefas
772 907 900 971 oracula
917 907 1060 971 suadent.

230 1002 372 1081 “magna
388 992 528 1080 parene'’
547 1005 631 1058 terra
647 1004 709 1057 eet:
727 993 849 1078 lapidee
866 992 899 1056 in
918 1014 955 1056 co
994 1012 1047 1056 ore
1065 1006 1166 1056 terrae

229 1079 351 1145 “osea'’
370 1100 441 1145 reor
458 1077 534 1144 dici:
552 1079 655 1144 iacere
672 1079 730 1142 hos
747 1088 819 1227 plqet
835 1089 926 1164 terga
942 1078 975 1142 iu
1000 1077 1108 1142 emur!

162 1188 210 1236 395
230 1164 373 1251 coniugis
391 1164 525 1250 augurio
542 1185 736 1248 quamquam
783 1163 881 1228 itania
897 1173 984 1228 mota
1000 1173 1057 1239 est,

132 1306 134 1309 .
229 1274 302 1353 epee
319 1263 426 1316 tamen
442 1251 476 1315 in
493 1248 590 1315 dubio
608 1261 664 1315 eet
709 1249 788 1314 adeo
806 1248 994 1314 caelestibus
1011 1249 1105 1312 ambo

229 1337 380 1402 diffidunt
394 1334 531 1400 monitis.
575 1335 631 1401 eed
648 1334 726 1419 quid
742 1345 897 1421 temptare
914 1334 1058 1399 nocebit?

198 1488 201 1494 ,
233 1422 402 1486 discedunt
442 1422 611 1506 velantque
629 1431 725 1505 caput
741 1420 927 1503 tunicaeque
944 1419 1111 1505 recingunt

230 1519 262 1575 et
278 1509 381 1573 iussos
397 1506 519 1608 lapidee
535 1528 595 1572 eua
603 1517 684 1656 poet
700 1505 835 1606 vestigia
851 1506 989 1570 mittunt.

53 1649 56 1654 .
162 1616 212 1665 400
230 1616 308 1659 saxa
323 1629 367 1640 —
383 1613 455 1676 qurs
472 1592 533 1658 hoc
550 1613 602 1658 cre
625 1602 672 1669 at,
688 1591 750 1655 niei
768 1602 808 1656 ert
824 1612 882 1677 pro
899 1603 980 1656 teete
996 1590 1156 1655 vetustae?
1171 1624 1216 1638 -

229 1701 347 1766 ponere
365 1677 512 1744 duritiem
529 1699 662 1763 coepere
679 1698 837 1760 suumque
854 1676 990 1762 rigorem

229 1763 406 1848 mollirique
422 1785 513 1828 mora
529 1764 712 1847 mollitaque
729 1763 845 1827 ducere
862 1760 1007 1827 formam.

229 1873 318 1925 mox,
335 1849 392 1914 ubi
410 1860 591 1925 creverunt,
608 1860 787 1932 naturaque
804 1846 909 1911 mitior
925 1848 986 1912 illie

230 1935 376 2021 contigit,
393 1946 428 1999 ut
447 1935 618 2019 quaedam,
636 1934 682 1998 eie
699 1955 764 1997 non
781 1933 962 2010 manifesta,
980 1932 1080 1998 videri

161 2044 211 2092 405
230 2023 333 2087 forma
349 2030 453 2106 potest
470 2018 621 2097 hominio,
640 2020 696 2085 sed
714 2019 761 2083 uti
779 2019 818 2083 de
835 2040 991 2084 marmore
1009 2029 1131 2105 coepto,

230 2130 293 2172 non
312 2117 424 2172 exacta
442 2105 517 2170 satie
535 2104 732 2188 rudibusque
750 2104 907 2169 simillima
925 2104 1032 2190 signis.

230 2215 312 2279 quae
329 2205 436 2259 tamen
455 2214 495 2258 ex
511 2191 573 2257 illie
591 2191 697 2277 aliquo
715 2212 789 2276 pare
806 2190 916 2256 umida
933 2211 1009 2256 euoo

230 2293 261 2346 et
277 2291 402 2345 terrena
418 2277 494 2356 fuit,
511 2300 603 2343 versa
621 2289 667 2342 eet
684 2276 718 2341 in
736 2276 874 2361 eorporis
892 2299 1000 2341 usum:

229 2365 315 2450 quod
333 2363 470 2429 solidum
487 2372 536 2428 eet
551 2363 699 2445 flectique
716 2363 840 2445 nequit,
858 2372 998 2427 mutatur
1014 2361 1047 2425 in
1065 2384 1151 2429 oeeat

161 2473 212 2523 410
230 2472 314 2534 quae
329 2448 424 2514 modo
442 2470 525 2515 vena
541 2447 617 2524 fuit,
635 2446 696 2511 eub
714 2446 826 2512 eodem
843 2447 970 2512 nomine
988 2447 1117 2513 mansit:

228 2536 325 2619 inque
342 2533 433 2600 brevi
449 2534 552 2619 spatio
570 2553 756 2617 superorum
773 2533 903 2598 numine
920 2555 998 2598 eaxa

229 2622 326 2686 missa
343 2619 402 2683 viri
419 2618 565 2684 manibus
582 2618 696 2683 faciem
714 2629 838 2683 traxere
854 2617 1004 2698 virorum,

230 2718 262 2771 et
279 2707 319 2772 de
336 2704 474 2771 femineo
491 2714 637 2789 reparata
654 2715 703 2768 eet
719 2702 839 2768 femina
854 2704 949 2770 iaetu.

228 2791 303 2857 inde
320 2812 422 2877 genus
440 2789 555 2854 durum
573 2811 682 2854 eumue
700 2789 929 2875 experiensque
945 2789 1101 2868 laborum,

160 2900 210 2948 415
229 2889 261 2943 et
278 2877 467 2941 documenta
483 2875 609 2950 damus,
627 2895 691 2958 qua
708 2875 807 2940 eimue
824 2873 945 2961 origine
961 2875 1037 2942 uati.

272 2960 389 3027 Cetera
406 2961 537 3027 diversis
555 2960 647 3025 tellus
665 2960 813 3025 animalia
829 2959 939 3026 formie
1142 2978 1249 3047 Rsttoa.

228 3059 341 3135 eponte
359 3069 416 3112 eua
433 3046 569 3196 peperit,
587 3056 758 3132 postquam
774 3056 866 3112 vetue
883 3067 976 3111 umor
992 3046 1034 3110 ab
1051 3046 1126 3133 igne

228 3132 383 3235 percaluit
400 3152 435 3197 eo
448 3132 489 3208 ie,
508 3154 641 3197 caenum
663 3154 704 3198 ue
720 3132 866 3214 udaeque
883 3130 1016 3217 paludes

227 3229 406 3284 intumuere
423 3227 527 3295 aestu,
545 3153 745 3300 secuniaque
764 3218 885 3282 semina
901 3240 1008 3281 rerum

160 3320 212 3375 mo
228 3304 332 3369 vivaci
348 3303 468 3369 nutrita
485 3305 567 3380 eolo,
585 3324 645 3369 ceu
661 3303 771 3367 matris
789 3302 822 3366 in
840 3303 922 3379 alvo,

229 3401 396 3456 creverunt
412 3389 590 3472 faciemque
608 3388 747 3471 aliquam
765 3409 877 3474 cepere
894 3387 1057 3452 morando.

230 3475 276 3540 eic
293 3475 349 3539 ubi
366 3475 505 3540 deseruit
521 3473 665 3539 madidos
683 3474 888 3559 septemfluus
905 3495 999 3559 agros

228 3561 260 3625 N
261 3561 322 3625 ilue
339 3570 371 3625 et
388 3559 517 3645 antiquo
535 3582 594 3625 sua
610 3559 742 3624 flumina
758 3558 895 3625 reddidit
912 3560 1003 3624 alveo

228 3646 431 3731 aetherioque
448 3668 558 3711 recene
576 3644 693 3710 exarsit
711 3644 813 3710 sidere
830 3644 935 3720 limus,

159 3752 210 3802 425
227 3731 364 3833 plurima
380 3731 515 3796 oultoree
532 3730 632 3797 vereie
649 3730 798 3794 animalia
814 3728 936 3878 §lachis

227 3815 403 3894 inveniunt,
420 3828 451 3881 et
468 3816 502 3881 in
519 3815 568 3881 hie
585 3816 744 3900 quaedam
760 3836 813 3879 mo
836 3836 855 3879 o
873 3825 985 3900 coepta
1003 3814 1064 3879 sub
1080 3813 1186 3901 ipsum

227 3901 378 3968 nascendi
395 3901 547 3987 epatium,
564 3902 721 3986 quaedam
739 3899 925 3986 imperfecta
942 3899 1071 3985 suisque

227 3998 340 4054 trunca
356 3987 466 4053 vident
483 3987 637 4065 numeris,
656 3998 688 4052 et
705 3985 817 4051 eodem
834 3985 868 4050 in
886 4006 1017 4072 corpore
1035 4007 1130 4072 eaepe

227 4073 327 4142 altera
342 4095 417 4160 pare
435 4071 527 4152 vivit,
545 4072 633 4138 rudie
651 4082 699 4138 eet
716 4094 790 4159 pare
807 4072 908 4137 altera
924 4069 1029 4137 tellus.
