2800 4500
303 271 671 331 smrnuoaruosaou
687 273 762 330 nm.
780 270 829 331 v1.
847 249 992 330 eoa-na
1102 256 1160 327 '99'

135 420 265 465 oravere
282 419 357 462 suos
373 397 419 463 ire
437 397 478 461 ad
496 397 614 462 solacia
628 419 664 463 re
687 419 732 475 es,

134 485 308 570 Argosque
325 493 358 549 et
375 481 492 568 Sparte
508 419 782 567 Pelopeiadesque
798 482 957 568 Mycenae

135 581 167 636 et
183 570 325 641 nondum
343 580 452 633 torvae
470 566 616 654 Calydon
633 567 735 632 invisa
751 567 877 633 Dianae

136 653 418 738 Orchomenosque
435 654 525 719 ferax
542 665 575 720 et
590 653 707 718 nobilis
724 677 796 719 aere
814 649 987 718 Corinthus

134 741 349 824 Messeneque
366 740 457 806 ferox
473 739 655 823 Patraeque
671 739 870 823 humilesque
889 736 1029 805 Cleonae

135 837 167 893 et
183 827 285 892 Nelea
301 825 331 890 P
352 825 401 890 los
417 846 521 909 neque
539 825 644 890 adbuc
660 824 801 890 Pitthe’r'a
817 824 973 901 Troezen,

135 933 281 996 quaeque
298 850 394 977 urbes
412 911 492 976 aliae
509 910 622 975 bimari
640 911 830 975 clauduntur
847 910 888 974 ab
905 910 1038 987 Isthmo,

136 997 337 1080 exteriusque
354 996 432 1063 sitae
450 996 564 1061 bimari
580 1006 762 1081 spectantur
779 996 820 1060 ab
837 995 970 1061 Isthmo.

136 1083 264 1148 credere
281 1082 352 1165 quis
369 1082 494 1168 posset?
522 1082 608 1147 solae
626 1081 772 1147 cessastis
788 1081 948 1147 Athenae.

135 1166 257 1234 obstitit
274 1167 379 1251 officio
396 1167 530 1245 bellum,
548 1166 763 1251 subvectaque
780 1177 877 1252 ponto

135 1254 272 1318 barbara
288 1253 477 1339 Mopsopios
494 1252 653 1318 terrebant
670 1252 799 1337 agmina
817 1273 935 1319 muros.

135 1338 301 1404 Thre'r'oius
318 1339 440 1405 Tereus
456 1339 535 1404 haee
552 1338 759 1402 auxiliaribus
776 1338 872 1403 armis

135 1425 261 1490 fuderat
278 1435 310 1490 et
327 1425 447 1489 clarum
464 1422 619 1490 vincendo
636 1446 753 1488 nomen
770 1422 923 1490 habebat:

135 1531 231 1595 quem
249 1509 309 1574 sibi
325 1509 472 1575 Pandion
490 1509 667 1595 opibusque
685 1508 760 1574 viris
783 1532 824 1575 ue
864 1520 1003 1577 otentem

135 1609 168 1662 et
185 1617 286 1682 genus
302 1618 324 1660 a
339 1617 457 1681 magno
473 1596 642 1661 ducentem
658 1594 741 1660 forte
759 1530 829 1662 lbra
853 1594 904 1660 'vo

133 1680 271 1748 conubio
288 1680 434 1767 Prognes
450 1681 563 1745 iunxit.
605 1703 671 1745 non
687 1681 833 1767 pronuba
849 1681 943 1761 Iuno,

134 1789 199 1834 non
217 1768 423 1852 Hymenaeus
441 1767 545 1845 adest,
561 1788 625 1831 non
642 1767 689 1831 illi
707 1764 821 1832 Gratia
837 1767 935 1833 lector

133 1852 330 1920 Eumenides
348 1862 478 1918 tenuere
494 1853 581 1916 faces
599 1852 639 1917 de
656 1852 768 1917 funere
784 1863 902 1938 raptas,

134 1938 330 2004 Eumenides
347 1949 486 2004 stravere
503 1950 622 2013 torum3
640 1948 787 2021 tectoque
804 1937 956 2022 profanus

134 2024 280 2090 incubuit
295 2022 383 2088 bubo
400 2023 594 2107 thalamique
610 2022 643 2086 in
661 2022 798 2088 eulmine
815 2022 906 2087 sedit.

135 2109 196 2175 hac
212 2131 273 2174 ave
289 2108 448 2174 coniuncti
464 2109 594 2194 Progne
611 2107 805 2191 Tereusque,
814 2119 960 2192 parentes

134 2194 196 2261 hae
213 2216 272 2260 ave
290 2204 364 2259 sunt
379 2193 465 2260 faeti.
508 2205 633 2280 gratata
650 2205 698 2260 est
715 2193 834 2259 seilicet
849 2193 912 2259 illis

135 2279 286 2357 Thracia,
304 2280 415 2364 disque
431 2281 493 2366 ipsi
509 2291 618 2365 grates
636 2302 745 2366 egere,
763 2279 920 2363 diemque,

134 2386 262 2449 quaque
278 2365 352 2430 data
369 2377 417 2430 est
434 2367 519 2431 claro
536 2365 701 2430 Pandione
719 2376 794 2430 nata
811 2375 956 2450 tyranno,

134 2472 261 2535 quaque
279 2461 346 2516 erat
363 2461 450 2515 ortus
467 2453 547 2536 Itys,
564 2452 682 2515 festum
699 2451 819 2515 iussere
836 2451 952 2517 vocari.

133 2535 333 2620 usqueadeo
349 2536 427 2601 latet
444 2537 572 2602 utilitas.
615 2537 680 2600 iam
698 2547 840 2621 tempora
856 2536 953 2601 Titan

133 2623 274 2706 quinque
291 2644 349 2707 per
365 2633 533 2687 autumnos
550 2621 675 2707 repetiti
692 2622 828 2687 duxerat
845 2621 934 2687 anni:

134 2731 207 2773 cum
226 2706 369 2772 blandita
385 2706 454 2772 viro
470 2706 599 2793 Progne
618 2707 660 2771 ‘si
676 2707 793 2792 gratia’
813 2708 892 2772 dixit

134 2794 215 2857 ‘ulla
231 2815 304 2858 mea
320 2803 383 2868 est,
394 2793 451 2859 vel
468 2814 520 2857 me
538 2793 688 2858 visendae
705 2792 795 2858 mitte
812 2792 922 2870 sorori,

134 2879 185 2943 vel
202 2899 290 2942 soror
306 2876 370 2943 hue
387 2877 503 2943 veniat
546 2878 720 2944 redituram
737 2889 878 2963 tempore
895 2899 994 2964 parvo

134 2963 298 3049 promittes
316 2984 435 3029 socero.
478 2963 587 3065 magni
604 2963 681 3029 mihi
698 2963 837 3028 muneris
853 2963 953 3029 instar

133 3071 319 3133 germanam
336 3048 452 3115 vidisse
469 3047 581 3114 dabrs.'
623 3048 712 3113 iubet
729 3048 782 3115 ille
800 3048 923 3115 carinas

133 3136 167 3198 in
185 3132 267 3198 freta
284 3133 412 3208 deduci,
430 3136 566 3218 veloque
583 3144 615 3199 et
632 3133 753 3220 remige
770 3144 879 3218 portus

135 3217 307 3305 Cecropios
324 3218 419 3283 intrat
435 3218 614 3303 Piraeaque
630 3219 724 3283 litora
740 3220 851 3304 tangit.

133 3315 170 3369 ut
187 3304 324 3389 primum
341 3304 442 3369 soceri
458 3304 533 3369 data
551 3305 657 3390 eopia,
675 3304 806 3388 dextera
823 3305 953 3373 dextrae

132 3389 285 3474 iungitur,
303 3399 335 3454 et
350 3388 456 3453 fausto
474 3390 678 3455 committitur
694 3390 799 3456 omine
817 3413 930 3455 sermo.

133 3485 291 3559 coeperat,
309 3474 464 3539 adventus
476 3497 624 3554 eausam,
641 3475 926 3544 mandatareferre

133 3560 277 3645 coniugis
295 3570 327 3626 et
344 3560 461 3625 celeres
479 3560 594 3626 missae
611 3560 767 3646 spondere
784 3584 944 3627 recursus:

133 3667 209 3711 ecce
226 3645 313 3711 venit
328 3668 446 3730 magno
464 3646 552 3711 dives
568 3645 747 3711 Philomela
764 3658 887 3732 paratu,

133 3729 260 3796 divitior
274 3731 394 3795 forma:
413 3732 522 3814 quales
540 3732 649 3796 audire
666 3731 805 3797 solemus

132 3815 254 3883 Naidas
272 3828 304 3881 et
321 3814 471 3900 Dryadas
489 3815 601 3881 mediis
618 3816 765 3884 incedere
783 3816 879 3896 silvis,

133 3903 160 3968 si
178 3900 273 3968 modo
291 3901 347 3967 dea
364 3902 426 3966 illis
444 3902 547 3966 cultus
564 3901 744 3986 similesque
761 3917 900 3988 paratus.

132 4010 197 4054 non
216 4008 306 4053 secus
324 3988 440 4061 exarsit
459 3998 627 4071 conspecta
644 3988 767 4074 virgine
784 3989 917 4069 Tereus,

132 4095 230 4165 quam
248 4073 364 4162 siquis
381 4072 468 4140 oanis
486 4072 593 4160 ignem
611 4078 769 4164 supponat
785 4074 888 4144 aristis

952 4173 987 4233 7*
