2800 4500
339 303 705 365 METAMORPHOSEON
720 303 793 364 LIB.
813 302 865 366 IV.
882 300 1009 364 96-183.
1143 289 1192 360 59⁸

166 429 298 496 vulnera
315 432 473 517 supplevit
488 431 625 499 lacrimis
642 432 815 517 fletumque
833 430 936 497 cruori
1163 498 1166 503 ,
1186 446 1255 503 ‘140

166 516 305 593 miscuit,
323 528 355 582 et
372 517 485 604 gelidis
501 518 536 582 in
551 517 692 583 vultibus
711 517 819 582 oscula
835 516 951 602 figens·

167 601 365 688 “Pyrame'’‚
384 603 531 668 clamavit
548 603 644 687 “quis
661 615 693 669 te
711 603 789 668 mihi
806 624 898 667 casus
916 601 1053 668 ademit?

166 687 319 772 Pyrame,
337 688 506 773 respondol
532 699 587 753 tua
604 700 635 753 te
652 688 814 753 carissima
831 687 950 753 Thisbe

166 772 321 838 nominat:
340 774 455 838 exaudi
472 775 641 857 vultusque
658 774 767 839 attolle
783 772 962 839 iacentesl'’

167 859 208 923 ad
225 880 341 923 nomen
358 857 494 924 Thisbes
512 860 620 924 oculos
636 859 700 923 iam
717 870 818 924 morte
835 868 984 944 gravatos
1083 894 1085 897 ·

166 943 326 1029 Pyramus
344 945 443 1009 erexit
460 944 592 1028 visaque
608 944 785 1010 recondidit
801 944 893 1024 illa„

167 1051 249 1112 quae
265 1040 433 1114 postquam
450 1041 634 1112 vestemque
651 1052 743 1095 suam
760 1029 909 1143 cognovit
926 1038 959 1094 et
975 1051 1051 1094 ense

167 1114 246 1178 vidit
263 1115 343 1179 ebur
359 1136 510 1193 vacuum,
528 1122 609 1179 “tua
625 1125 657 1179 te
673 1115 801 1183 manus’
830 1114 932 1198 inquit
951 1121 1128 1197 “amorque

168 1198 319 1349 perdidit,
337 1198 457 1265 infelix.
500 1211 549 1265 001
567 1211 598 1264 01
614 1199 693 1264 mihi
709 1200 800 1266 fortis
817 1200 851 1264 in
867 1222 967 1264 unum

191 1306 230 1349 oc
246 1308 373 1362 manus3
391 1296 440 1350 est
456 1298 488 1350 01
504 1307 608 1350 amor:
627 1284 717 1351 dabit
732 1285 785 1351 hic
802 1285 836 1350 in
853 1286 985 1350 vulnera
1002 1284 1095 1350 vires.
1208 1303 1257 1354 150

167 1391 340 1456 persequar
356 1371 530 1436 extinctum
546 1370 664 1454 letique
681 1371 857 1437 miserrima
875 1371 963 1435 dicar

169 1477 266 1520 causa
282 1475 451 1539 comesque
467 1455 524 1520 tui.
569 1457 687 1539 quique
705 1480 725 1521 0
742 1476 794 1521 1110
810 1467 912 1521 morte
928 1455 1038 1521 revelli

168 1540 230 1605 beu
248 1541 316 1606 sola
331 1551 471 1626 poteras,
489 1541 606 1626 poteris
623 1564 683 1606 nec
699 1552 801 1606 morte
818 1540 941 1607 revellil

169 1624 230 1690 hoc
246 1637 352 1690 tamen
369 1625 534 1691 amborum
551 1627 656 1691 verbis
674 1637 773 1695 estote
789 1627 904 1712 rogati,
972 1664 976 1669 ·

169 1734 188 1775 o
206 1711 341 1775 multum
357 1710 476 1788 miseri,
494 1733 585 1777 meus
601 1712 749 1796 illiusque
766 1723 922 1797 parentes,

168 1807 205 1861 ut
222 1817 303 1880 quos
319 1809 424 1865 0011110
440 1817 540 1875 011101,
558 1818 638 1880 quos
655 1797 734 1862 hora
750 1797 924 1862 novissima
939 1794 1052 1874 iunxit,

169 1881 316 1967 componi
333 1881 455 1947 tumulo
470 1903 535 1948 non
551 1881 718 1947 invideatis
736 1882 858 1948 eodem.

169 1978 269 2044 01111,
287 1988 369 2050 quae
386 1966 483 2032 ramis
499 1966 593 2033 arbor
609 1966 789 2032 miserabile
807 1988 922 2053 corpus

168 2074 254 2118 nunc
271 2052 352 2138 tegis
369 2052 477 2129 unius,
496 2074 570 2117 mox
588 2075 622 2117 es
639 2063 761 2117 tectura
778 2052 923 2128 duorum,

169 2139 262 2222 signa
279 2148 350 2202 tene
368 2137 487 2214 caedis,
505 2137 671 2223 pullosque
690 2148 722 2202 et
738 2137 876 2204 luctibus
894 2146 985 2222 aptos

170 2245 296 2309 semper
311 2221 393 2289 habe
410 2222 509 2300 fetus,
526 2222 646 2309 gemini
662 2223 858 2289 monimenta
873 2218 1024 2288 cruoris.''

170 2309 264 2385 dixit,
282 2319 314 2374 et
330 2318 438 2394 aptato
455 2311 567 2394 pectus
584 2330 736 2374 mucrone
753 2309 814 2374 sub
830 2309 930 2373 imum

169 2393 314 2459 incubuit
329 2392 428 2470 ferro,
446 2394 532 2477 quod
549 2394 654 2459 adhuc
672 2418 691 2458 a
708 2395 806 2459 caede
822 2394 960 2480 tepebat

169 2491 245 2545 vota
262 2490 367 2544 tamen
385 2478 517 2564 tetigere
534 2479 626 2556 deos,
644 2480 777 2566 tetigere
794 2490 951 2566 parentes.

168 2589 245 2631 nam
262 2565 348 2630 color
364 2563 398 2628 in
414 2585 509 2650 pomo
527 2575 589 2642 est,
607 2565 663 2629 ubi
679 2565 901 2650 permaturuit,
919 2575 1000 2630 ater:
1210 2583 1258 2634 165

168 2651 318 2735 quodque
334 2649 421 2735 rogis
438 2660 596 2735 superest,
613 2673 678 2716 uua
694 2650 864 2734 requiescit
880 2650 913 2714 in
930 2647 1066 2733 urna>

211 2735 369 2811 Desierat,
386 2735 589 2819 mediumque
605 2735 668 2800 luit
679 2735 776 2802 breve
788 2747 925 2820 tempus,
943 2746 976 2800 ct
989 2755 1061 2799 orsa
1073 2746 1121 2800 est
1137 2733 1224 2799 (Mars
1234 2740 1260 2786 et

169 2821 275 2887 dicere
292 2819 478 2885 Leuconoe:
495 2841 608 2886 vocem
624 2831 754 2887 tenuere
773 2842 906 2886 sorores.
1144 2800 1246 2868 Vm)

169 2906 269 2971 ‘hunc
286 2926 428 2989 quoque,
445 2905 568 2971 siderea
585 2905 640 2989 qui
656 2917 811 2992 temperat
829 2904 935 2971 omnia
950 2905 1032 2982 luce,

170 2991 253 3091 cepit
270 3012 359 3055 amor
376 2989 499 3057 Solemr
519 2989 603 3057 Solis
620 2990 795 3057 referemus
812 3013 945 3056 amores.
1210 3010 1260 3061 110

192 3098 290 3140 umus
308 3075 498 3142 adulterium
514 3075 649 3142 Veneris
667 3098 741 3141 cum
757 3076 864 3142 Marte
881 3085 1011 3161 putatur

169 3099 222 3225 1110
239 3160 355 3225 vidisse
373 3160 466 3226 deus:
484 3160 571 3226 videt
588 3161 640 3225 hic
657 3161 736 3226 deus
754 3161 860 3227 omnia
875 3161 1007 3248 primus.

168 3239 304 3311 indoluit
320 3245 419 3323 facto,
437 3246 717 3333 Iunonigenaeque
735 3247 846 3311 marito

169 3332 255 3397 furta
271 3329 331 3396 tori
347 3329 486 3415 furtique
502 3332 609 3397 locum
625 3332 820 3410 monstravit.
863 3342 896 3396 at
912 3331 958 3395 illi

169 3427 201 3481 et
217 3438 322 3491 mens,
340 3426 372 3480 et
388 3417 474 3497 quod
492 3438 573 3502 opus
590 3416 712 3482 fabrilis
730 3417 842 3482 dextra
858 3417 997 3494 tenebat,
1208 3434 1257 3485 111

169 3500 297 3567 excidit
321 3495 498 3586 *extemplo
515 3502 649 3587 graciles
667 3524 708 3568 ex
725 3524 798 3567 aere
815 3512 943 3567 catenas
1198 3539 1200 3543 ·

62 3584 69 3594 “
168 3586 310 3669 retiaque
328 3596 360 3649 et
376 3585 521 3669 laqueos,
538 3607 620 3671 quae
637 3587 758 3652 lumina
774 3587 883 3652 fallere
900 3597 1039 3673 possent,

168 3672 276 3737 elimat
292 3671 372 3754 (nou
388 3670 467 3735 illud
483 3692 563 3757 opus
580 3672 765 3737 tenuissima
781 3671 910 3736 vincant

168 3756 318 3833 stamina,
335 3775 399 3820 nou
417 3778 541 3820 summo
553 3777 640 3839 quae
657 3757 775 3842 pendet
793 3779 909 3822 aranea
926 3757 1039 3843 tigno),

167 3853 267 3925 utque
283 3841 370 3906 leves
388 3851 490 3906 tactus
507 3854 731 3926 momentaque
747 3863 847 3928 parva
863 3853 1045 3926 sequantur,
1206 3861 1256 3913 180

168 3925 280 4002 efficit,
297 3937 329 3991 et
345 3925 428 3991 lecto
446 3926 639 3991 circumdata
656 3928 790 3991 collocat
807 3937 890 4013 apte.

167 4022 203 4077 ut
220 4033 336 4076 venere
353 4017 458 4076 tor'um
476 4010 612 4083 coniunx
630 4023 663 4077 et
680 4012 804 4077 adulter
820 4012 853 4076 in
871 4035 981 4091 uuum,

167 4110 234 4166 arte
252 4095 313 4163 viri
329 4095 503 4194 vinclisque
520 4117 604 4164 nova
620 4097 742 4162 ratione
757 4098 876 4184 paratis
