2800 4500
272 258 641 319 hOETAMORPHOSEON
656 258 730 317 LIB.
748 260 815 317 XII.
833 260 979 319 394-481.
1074 245 1137 314 209

116 394 272 471 gesserat,
290 384 343 451 hic
359 381 508 452 iaculum,
551 385 655 451 iaculo
673 384 752 449 mihi
768 385 900 451 vulnera
915 384 1001 452 fecit.

115 470 207 557 signa
223 469 326 548 vides3
344 483 476 558 apparet
492 471 597 536 adhuc
614 480 706 537 vetus
723 471 797 537 inde
814 471 954 536 cicatrix.

114 566 192 621 tnnc
208 576 270 642 ego
287 557 460 622 debueram
477 556 632 658 capienda
648 557 690 621 ad
706 555 867 642 Pergama
883 557 981 621 mitti:
1154 580 1205 629 440

114 651 184 705 tum
200 653 344 727 poteram
360 643 484 728 magni,
502 666 529 707 s1
546 665 610 707 non
628 664 792 727 superare,
810 641 927 706 morari

114 725 263 791 Hectoris
281 750 370 792 arma
386 728 475 793 meis.
518 727 573 793 illo
591 727 648 792 sed
665 739 808 812 tempore
825 728 940 802 nullus,

115 822 171 876 aut
187 833 277 897 puer,
296 814 418 878 Hector
435 824 516 890 erat3
533 835 619 877 nnnc
635 834 687 877 me
704 834 776 877 mea
793 812 899 877 deficit
916 823 1014 877 aetas.

114 896 192 979 quid
209 896 267 961 tibi
284 897 434 963 victorem
451 897 569 983 gemini
585 897 782 983 Periphanta
797 897 961 983 Pyraethi,

113 981 263 1067 Ampyca
279 983 357 1065 quid
373 983 527 1048 referam?
544 983 598 1067 qui
616 983 886 1068 quadrupedantis
903 981 1034 1049 Echecli
1154 1007 1204 1054 445

114 1067 184 1132 fixit
199 1068 233 1131 in
251 1067 384 1133 adverso
401 1089 533 1133 coruum
551 1068 618 1134 sine
636 1068 768 1154 cuspide
785 1069 886 1133 vultu.

114 1162 205 1218 vecte
221 1153 462 1217 Pelethronium
478 1153 649 1219 Macareus
665 1153 699 1219 in
716 1165 829 1239 pectus
846 1154 959 1219 adacto

113 1235 226 1302 stravit
242 1236 454 1323 Erigdupum.
497 1238 628 1304 memini
645 1248 677 1305 et
694 1238 853 1307 venabula
870 1238 963 1305 condi
1053 1266 1056 1270 ·

112 1322 244 1408 inguine
261 1322 391 1389 Nesseis
408 1322 554 1389 manibus
572 1323 715 1390 coniecta
732 1323 868 1410 Cymeli.

113 1429 173 1473 uec
190 1419 228 1472 tu
243 1408 413 1475 credideris
430 1419 554 1474 tantum
572 1410 723 1475 cecinisse
740 1410 848 1475 futura
1154 1433 1205 1481 450

101 1492 315 1579 ⁴Ampyciden
333 1493 496 1580 Mopsum.
539 1494 656 1581 Mopso
673 1495 831 1562 iaculante
853 1495 996 1579 biformis

113 1578 263 1643 occubuit
279 1579 459 1664 frustraque
476 1580 565 1663 loqui
580 1580 746 1666 temptavit
762 1581 910 1660 Hodites,

113 1663 154 1727 ad
171 1675 313 1730 mentum
330 1664 374 1729 lin
420 1688 441 1729 a
457 1678 628 1749 mentoque
645 1666 688 1731 ad
704 1677 835 1752 guttura
852 1666 927 1731 fixo.

112 1748 253 1833 quinque
269 1750 341 1815 neci
388 1773 505 1816 aeneus
522 1750 662 1827 dederat,
681 1749 935 1837 Styphelumque
952 1754 1169 1837 Bromumque

112 1835 405 1919 Antimachumque
422 1834 638 1936 Elymumque
656 1836 927 1922 securiferumque
943 1837 1134 1923 Pyracmon.
1152 1859 1203 1906 455

112 1920 245 1985 vulnera
261 1942 326 1987 non
342 1921 486 1999 memim3
504 1943 672 1985 numerum
689 1943 868 2005 nomenque
885 1923 1004 1987 notavi.

112 2006 258 2089 provolat
274 2003 416 2070 Emathii
433 2006 541 2091 spoliis
559 2017 700 2081 armatus
717 2007 861 2087 Halaesi,

114 2109 209 2171 quem
227 2088 358 2154 dederat
374 2089 448 2167 leto,
465 2089 616 2156 membris
634 2101 667 2155 et
683 2112 815 2176 corpore
832 2090 970 2157 Latreus

112 2174 280 2238 maximus.
323 2172 398 2239 huic
415 2185 502 2241 aetas
518 2175 601 2241 iuter
617 2176 829 2262 iuvenemque
847 2198 1028 2263 senemque,

113 2259 161 2325 vis
178 2259 332 2326 iuvenalis
350 2271 432 2340 erat3
450 2261 616 2327 variabant
633 2273 777 2348 tempora
794 2263 875 2328 cani.

112 2344 168 2429 qui
185 2345 287 2432 clipeo
303 2346 473 2432 gladioque
490 2347 744 2432 Macedoniaque
761 2349 877 2414 sarissa

112 2431 302 2517 conspicuus
319 2432 496 2516 faciemque
513 2433 666 2498 obversus
684 2433 717 2498 in
735 2456 851 2519 agmen
867 2444 1037 2519 utrumque

112 2537 264 2601 armaque
281 2517 439 2582 concussit
455 2528 639 2602 certumque
657 2519 811 2602 equitavit
826 2519 859 2583 in
876 2520 986 2585 orbem

67 2679 69 2682 ι
112 2602 272 2687 verbaque
290 2613 337 2668 tot
354 2601 437 2667 fudit
453 2623 571 2669 vacuas
589 2602 750 2670 animosus
767 2604 800 2669 in
817 2626 926 2670 auras:

112 2692 170 2752 “et
187 2698 234 2765 te,
254 2685 370 2764 Caeni,
387 2688 507 2754 feram?
524 2711 599 2753 nam
615 2700 652 2753 tu
668 2689 747 2754 mihi
763 2690 882 2756 femina
898 2713 1033 2776 semper,

112 2782 147 2837 tu
165 2772 242 2837 mihi
260 2768 377 2838 Caenis
395 2773 468 2839 eris.
510 2795 570 2840 nec
587 2784 619 2839 te
634 2774 749 2839 natalis
767 2776 855 2861 origo

113 2858 319 2933 commonuit,
337 2868 538 2942 mentemque
556 2859 655 2937 subit,
673 2881 737 2943 quo
753 2860 895 2946 praemia
911 2860 1007 2940 facto,

112 2963 238 3026 quaque
255 2943 314 3007 viri
330 2943 444 3008 falsam
461 2944 599 3030 speciem
617 2944 763 3011 mercede
779 2946 920 3031 pararis?

112 3027 190 3111 quid
207 3027 249 3092 sis
266 3039 356 3106 nata,
374 3029 462 3106 vide,
479 3030 530 3095 vel
548 3029 625 3114 quid
641 3030 684 3095 sis
701 3053 810 3116 passa3
829 3031 1008 3115 columque,

42 3146 46 3156 ·
113 3111 138 3187 i,
156 3133 234 3198 cape
252 3133 325 3177 cum
344 3114 489 3192 calathis,
507 3126 540 3181 et
556 3115 693 3180 stamina
709 3115 824 3217 pollice
841 3128 967 3201 torquet

112 3197 198 3262 bella
213 3197 355 3282 relinque
372 3199 478 3264 viris.’'
521 3200 651 3266 iactanti
667 3201 745 3266 taha
761 3199 909 3267 Caeneus

113 3292 275 3348 extentum
294 3304 388 3348 cursu
406 3284 503 3349 missa
519 3287 602 3350 latus
621 3286 702 3351 eruit
718 3286 819 3363 hasta,

114 3388 177 3450 qua
193 3368 242 3432 vir
259 3389 341 3452 equo
359 3370 544 3435 commissus
563 3382 639 3436 erat.
683 3371 765 3454 furit·
776 3372 830 3438 ille
848 3371 956 3438 dolore

112 3451 262 3537 nudaque
278 3452 405 3539 Phyllei
421 3453 544 3521 iuvenis
561 3456 635 3522 ferit
652 3478 708 3522 ora
725 3458 849 3522 sarissa.

113 3559 177 3601 non
194 3559 285 3603 secus
303 3536 383 3604 haec
399 3539 511 3616 resilit,
529 3562 624 3624 quam
642 3542 717 3607 tecti
735 3565 755 3606 a
772 3542 909 3608 culmine
926 3543 1057 3629 grando,

113 3632 168 3686 aut
185 3624 212 3687 si
229 3623 301 3707 quis
318 3645 417 3709 parvo
434 3623 527 3690 feriat
544 3648 623 3691 cava
639 3636 792 3714 tympana
809 3650 896 3692 saxo.

113 3708 288 3773 comminus
347 3708 490 3794 graditur
505 3709 659 3795 laterique
676 3713 846 3779 recondere
865 3714 944 3778 duro

112 3793 249 3858 luctatur
265 3794 319 3880 gla
341 3795 421 3858 ium:
439 3795 547 3880 gladio
563 3797 634 3860 loca
649 3797 760 3898 pervia
775 3819 841 3863 nou
858 3809 942 3864 sunt.

112 3878 225 3943 “haud
241 3889 347 3945 tamen
365 3878 514 3965 effugiesl
531 3882 635 3946 medio
652 3883 848 3969 rugulaberis
866 3907 951 3961 ense,
1059 3908 1061 3910 ’

110 3963 367 4049 quandoquidem
381 3986 491 4030 mucro
505 3977 552 4031 est
569 3966 691 4032 hebes'’
705 3968 817 4052 inquit,
833 3981 864 4035 et
876 3970 910 4034 iu
927 3972 1010 4036 latus
1025 3993 1133 4036 ensem
1150 3990 1201 4040 480

110 4049 253 4133 obliquat
270 4051 429 4138 longaque
448 4052 646 4137 amplectitur
663 4052 718 4119 ilia
735 4053 856 4131 dextra.
963 4094 966 4100 ι

160 4149 310 4200 mortun.
859 4163 862 4169 ·
927 4156 962 4214 14
