2800 4500
271 345 335 412 236
604 358 638 413 Ρ.
657 357 783 415 OVIDII
800 356 964 415 NASONIS

194 496 196 503 ’
271 482 347 548 talia
363 482 462 548 verba
478 483 588 548 refert:
606 480 734 546 ‘melius
752 502 919 565 sequerere
936 480 1093 547 volentem

271 579 495 652 optantemque
512 568 625 635 eadem
641 566 797 653 parilique
814 566 962 653 cupidine
979 579 1115 668 captam.

220 670 254 720 55
271 655 386 740 dignus
403 676 473 720 eras
490 654 573 719 ultro
589 651 730 740 (poteras
747 653 911 738 certeque)
927 673 1046 738 rogari:

271 752 317 819 et,
335 740 362 805 si
379 763 394 804 s
418 762 469 805 em
486 737 610 805 dederis
626 773 672 785 --
686 737 765 802 mihi
783 740 876 804 crede
891 775 945 816 -,
962 738 1125 825 rogaberis
1142 739 1236 804 ultro.

270 849 333 891 neu
350 763 639 909 dubites‚adsitque
656 834 730 890 tuae
747 823 864 889 fiducia
880 824 1016 889 formae:

269 935 311 978 en
328 933 400 1013 ego,
418 932 491 976 oum
509 909 660 988 densim,
677 909 770 975 nitidi
787 932 861 975 cum
877 910 943 975 lilia
961 908 1055 987 Solis,

270 1019 408 1063 carmine
426 1018 500 1062 oum
516 1006 654 1074 tantum,
671 1005 797 1060 tantum
813 1017 940 1081 quoqne
956 995 1100 1082 gramine
1117 995 1247 1081 possim,

220 1098 252 1147 55
271 1093 307 1147 nt
323 1093 379 1147 tua
396 1080 471 1160 sim,
489 1103 600 1147 voveo.
645 1104 660 1145 s
683 1091 845 1148 eruentem
863 1104 991 1168 sperne3
1008 1082 1152 1166 sequenti

269 1168 367 1234 redde
384 1167 485 1245 vices3
502 1189 631 1252 unoque
670 1190 728 1231 uas
745 1166 897 1232 ulciscere
914 1166 1021 1232 facto!

269 1254 345 1319 talia
362 1253 528 1339 temptanti
545 1251 661 1338 ‘prius'
678 1252 782 1336 inquit
798 1252 846 1317 ‘in
863 1274 1001 1336 aequore
1017 1250 1160 1319 frondes’

271 1337 416 1405 Glaucus
434 1346 480 1405 ‘et
497 1338 531 1402 in
548 1337 680 1403 summis
697 1349 868 1403 nascentur
883 1337 1045 1403 montibus
1063 1339 1165 1424 algae,

271 1423 388 1525 sospite
405 1446 502 1507 quam
520 1422 630 1509 Scylla
646 1423 745 1488 nostri
762 1433 925 1489 mutentur
941 1424 1084 1489 amores?

218 1511 434 1596 40ind1gnata
451 1509 512 1574 dea
529 1520 587 1574 est.
631 1519 662 1574 et
678 1508 805 1573 laedere
822 1520 979 1592 quatenus
996 1508 1102 1608 ipsum

269 1619 333 1661 uon
349 1605 474 1681 poterat
490 1593 564 1677 (nec
581 1595 677 1659 vellet
693 1596 829 1677 amans),
845 1593 991 1658 irascitur
1007 1594 1063 1670 rlli,

270 1703 353 1766 quae
370 1679 430 1745 sibi
447 1680 588 1766 praelata
605 1691 668 1750 est3
706 1678 904 1763 Venerisque
921 1677 1044 1745 offensa
1060 1680 1197 1765 repulsa,

269 1766 412 1852 protinus
429 1764 593 1830 horrendis
610 1763 742 1828 infamia
758 1764 877 1849 pabula
894 1764 979 1829 sucis

270 1851 402 1917 conterit
420 1862 451 1916 et
469 1850 549 1915 tritis
566 1851 723 1926 Hecateia
745 1850 884 1913 carmina
900 1849 1022 1928 miscet,

217 1952 252 2002 45
270 1937 459 2021 caerulaque
475 1935 618 2000 induitur
634 1935 806 2013 velamina,
823 1958 943 2022 perque
960 1935 1100 2001 ferarum

269 2045 386 2109 agmen
403 2022 589 2087 adulantum
605 2021 712 2086 media
727 2021 872 2107 procedit
888 2021 930 2085 ab
948 2021 1036 2099 aula3

269 2107 514 2194 oppositumque
531 2118 643 2194 petens
660 2119 771 2172 contra
789 2106 939 2172 Zancleia
956 2129 1034 2172 saxa

269 2193 432 2281 Rhegion,
450 2192 627 2280 ingreditur
643 2192 804 2259 ferventes
821 2191 961 2258 aestibus
978 2193 1092 2272 undas,

269 2280 302 2345 in
319 2281 435 2365 quibus
448 2291 488 2345 ut
505 2280 606 2345 solida
622 2279 713 2365 ponit
729 2279 865 2365 vestigia
882 2291 975 2356 terra,

218 2383 253 2435 5ο
270 2388 456 2451 summaque
474 2363 611 2431 decurrit
628 2364 764 2451 pedibus
781 2387 878 2450 super
894 2386 1033 2448 aequora
1050 2363 1151 2430 siccis.

268 2473 386 2538 parvus
404 2462 470 2517 erat
510 2473 548 2514 ur
571 2473 621 2527 es,
639 2471 754 2516 curvos
771 2450 914 2515 sinuatus
930 2450 965 2515 iu
982 2472 1085 2526 arcus,

268 2548 361 2622 grata
377 2536 466 2637 quies
486 2473 627 2620 {epilam
645 2556 710 2617 quo
728 2557 761 2600 se
779 2535 938 2600 referebat
954 2535 995 2600 ab
1013 2545 1103 2601 aestu

269 2634 300 2688 et
318 2644 413 2686 mans
431 2633 463 2687 et
481 2620 574 2697 caeli,
592 2621 697 2686 medio
716 2642 788 2685 cum
806 2619 961 2706 plurimus
979 2620 1056 2686 orbe

269 2705 316 2773 sol
334 2718 402 2772 erat
419 2717 451 2772 et
467 2706 613 2770 minimas
631 2706 785 2772 avertice
802 2706 923 2771 fecerat
939 2706 1079 2773 umbras.

217 2812 250 2863 55
269 2792 354 2857 hunc
371 2792 432 2857 dea
470 2791 615 2856 raevitiat
631 2791 900 2877 portentificisque
917 2791 1048 2858 venenis

268 2877 427 2962 inquinat,
444 2814 497 2942 hic
514 2876 602 2941 fusos
619 2876 729 2942 latices
746 2876 853 2943 radice
869 2878 997 2944 nocenti

269 2963 404 3050 spargit,
423 2976 454 3028 et
471 2962 641 3027 obscurum
658 2964 828 3028 verborum
847 2963 983 3048 ambage
1000 2986 1156 3029 novorum

268 3061 317 3114 ter
333 3048 465 3114 noviens
483 3070 610 3113 carmen
628 3048 753 3134 magico
771 3048 986 3114 demurmurat
1003 3071 1067 3114 ore.

270 3134 378 3219 Scylla
395 3133 495 3210 venit,
512 3133 680 3218 mediaque
698 3144 791 3199 tenus
809 3133 1015 3200 descenderat
1032 3135 1114 3213 alvo,

218 3241 251 3290 55
269 3244 342 3285 curn
360 3242 418 3284 sua
435 3219 556 3284 foedari
573 3218 762 3284 latrantibus
779 3218 912 3305 inguina
928 3220 1076 3284 monstris

269 3304 389 3391 aspicit.
433 3327 471 3369 ac
488 3305 590 3390 primo
609 3304 741 3369 eredens
757 3326 820 3367 non
839 3305 978 3390 corporis
995 3305 1065 3369 illas

268 3414 338 3456 esse
356 3389 406 3455 sui
422 3402 542 3476 partes,
560 3390 742 3475 refugitque
760 3388 923 3474 abigitque
940 3389 1092 3473 timetque

268 3498 324 3540 ora
340 3487 489 3561 proterva
506 3497 634 3539 canum:
652 3475 710 3539 sed
727 3495 808 3558 quos
825 3474 923 3560 fugit,
942 3476 1070 3540 attrahit
1087 3499 1161 3541 una.

269 3575 302 3627 et
319 3583 433 3647 corpus
451 3582 606 3645 quaerens
624 3559 781 3625 femorum
800 3581 990 3644 crurumque
1007 3562 1199 3646 pedumque,

219 3666 251 3715 55
271 3644 448 3712 Cerbereos
465 3646 563 3711 rictus
620 3667 639 3709 o
656 3644 799 3731 partibus
816 3644 938 3711 invenit
953 3645 1029 3710 illis:

268 3743 394 3815 statque
411 3753 527 3796 canum
544 3753 580 3795 ra
602 3730 645 3805 ie,
663 3729 869 3814 subiectaque
886 3740 977 3816 terga
992 3732 1132 3797 ferarum

267 3817 301 3881 in
325 3816 452 3881 uinibus
469 3816 589 3881 truncis
607 3827 761 3900 uteroque
779 3825 906 3881 extante
924 3829 1056 3882 coercet.

341 3901 416 3965 levit
433 3923 543 3965 amans
562 3899 721 3977 Glaucus,
738 3900 934 3985 nimiumque
952 3901 1106 3968 hostiliter
1123 3926 1200 3970 usae
1279 3945 1282 3950 ·

270 3984 391 4048 viribus
408 3985 579 4051 herbarum
596 3986 680 4072 fugit
697 3986 834 4050 conubia
851 3984 970 4053 Circes.

222 4088 255 4137 70
273 4066 383 4153 Scylla
400 4067 469 4134 loco
486 4072 611 4136 mansit.
655 4094 792 4156 cumque
810 4084 857 4136 est
875 4071 950 4138 data
966 4073 1212 4162 copia,primum

271 4151 305 4219 iu
323 4149 432 4220 Circes
450 4155 557 4223 odium
575 4157 668 4225 sociis
685 4156 833 4247 spoliavit
849 4156 978 4228 Ulixen.
