2800 4500
307 261 673 325 uuuaucnrflcsnou
688 262 763 320 LlB.
780 261 818 319 X.
836 261 981 320 356-442.
1095 247 1157 316 173

135 391 183 458 ira
200 390 295 457 deum
313 391 380 457 sive
396 401 459 467 est,
476 388 573 455 sacris
592 388 754 474 placabilis
771 387 836 453 ira.

135 476 213 561 quid
229 498 301 542 rear
317 476 468 542 ulterius?
493 486 577 540 certe
594 473 723 539 fortuna
739 472 915 557 domusque
1174 492 1226 542 400

137 583 246 647 sospes
264 560 345 627 etin
362 583 458 626 cursu
476 570 537 625 est:
555 558 634 624 vivit
650 557 859 659 genetrixque
877 557 1060 643 paterque.”
1150 618 1162 631 ,,

136 645 285 732 Myrrha,
302 658 391 733 patre
409 645 532 720 audito,
550 644 685 729 suspiria
703 642 794 708 duxit
812 642 852 708 ab
869 642 933 706 imo

136 743 273 817 pectore.
316 752 376 796 nec
391 730 500 794 nutrix
516 729 690 803 etiamnum
708 728 845 814 concipit
861 728 962 792 ullum

136 825 242 882 mente
260 814 365 893 nefas3
383 813 584 899 aliquemque
601 825 709 878 tamen
725 812 897 899 praesentit
914 822 1064 878 amorem.
1158 859 1160 862 -

136 901 351 1001 propositique
368 910 478 974 tenax,
496 898 719 983 quodcumque
736 910 799 976 est,
816 909 900 975 orat,
917 907 954 962 ut
970 896 1031 982 ipsi
1175 920 1226 970 405

137 985 269 1062 mdrcet,
287 996 319 1050 et
334 985 455 1071 gremio
472 983 689 1050 lacrimantem
707 982 789 1048 tollit
805 982 891 1060 anili,

137 1081 233 1154 atque
249 1070 295 1134 ita
311 1070 523 1170 complectens
540 1068 673 1134 infirmis
690 1067 834 1134 membra
850 1068 976 1135 lacertis

138 1154 359 1220 “sensimus:”
377 1154 480 1238 mquit
497 1160 622 1219 “amaa
665 1165 698 1220 et
714 1153 748 1218 in
765 1153 826 1219 hoc
842 1176 915 1220 mea
925 1166 1023 1244 (pone
1041 1154 1212 1235 timoreml)

138 1240 289 1307 sedulitas
307 1239 364 1305 erit
383 1251 458 1325 apta
475 1237 547 1316 tibi,
560 1260 625 1319 nec
642 1239 756 1305 sentiet
771 1258 913 1323 unquam

138 1327 199 1391 hoc
214 1324 335 1415 pater.”
379 1324 489 1389 exiluit
505 1325 627 1410 gremio
644 1324 827 1402 furibunda,
845 1336 1012 1408 torumque
1175 1344 1226 1395 410

138 1432 192 1477 ore
209 1433 355 1498 premens
373 1417 393 1447 “
399 1408 540 1486 discede,
579 1430 680 1488 recor,
696 1410 875 1494 miseroque
892 1408 1008 1494 pudori

138 1495 258 1581 parce”
276 1495 329 1560 ait.
372 1494 501 1560 instanti
519 1501 539 1533 “
568 1495 688 1572 'scede,
706 1505 763 1560 aut
779 1494 911 1560 desine’'
930 1493 1009 1558 dixit

139 1588 329 1665 “quaerere‚
347 1580 424 1665 quid
442 1580 575 1655 doleam.
620 1580 723 1646 scelus
740 1591 798 1658 est,
816 1580 903 1665 quod
919 1579 999 1645 scire
1016 1578 1173 1644 laboras.'’

138 1666 246 1731 horret
261 1688 356 1742 anus,
373 1667 587 1749 tremulasque
603 1688 718 1730 manus
735 1666 888 1751 annisque
904 1675 1054 1749 metuque

139 1750 240 1817 tendit
256 1762 288 1816 et
304 1762 378 1816 ante
394 1750 491 1852 pedes
509 1750 643 1899 supplex
660 1751 841 1836 procumbit
857 1751 1015 1827 alumnae,
1176 1768 1227 1819 415

139 1848 170 1902 et
187 1836 282 1901 modo
299 1832 469 1912 blanditur,
486 1856 539 1900 mo
562 1857 592 1913 o,
609 1836 636 1899 si
653 1857 718 1901 non
735 1836 861 1902 conscia
877 1836 943 1914 fiat,

139 1924 249 1998 terret,
267 1932 300 1987 et
315 1920 467 2007 indicium
482 1919 590 2004 laquei
607 1931 800 2006 coeptaeque
815 1920 954 1985 minatur

139 2007 263 2083 mortis,
282 2016 314 2071 et
330 2004 471 2071 officium
489 2003 656 2070 commisso
674 2004 809 2089 spondet
826 2004 935 2070 amori.

140 2090 253 2155 extulit
267 2090 323 2155 illa
340 2100 436 2176 caput
452 2088 652 2172 lacrimisque
669 2088 813 2174 implevit
829 2089 947 2154 obortis

139 2185 268 2262 pectora
283 2174 429 2252 nutricis3
451 2184 628 2258 conataque
645 2196 740 2261 saepe
758 2174 860 2253 fateri,
1178 2194 1232 2246 tto

140 2283 236 2362 saepe
253 2254 339 2327 te'net
356 2281 466 2325 vocem
483 2259 736 2346 pudibundaque
753 2259 894 2326 vestibus
912 2282 969 2326 ora

140 2357 219 2413 texit
235 2356 267 2411 et
284 2345 353 2435 “o”
371 2345 450 2410 dixit
468 2345 618 2411 “felicem
635 2346 770 2432 coniuge
787 2345 960 2411 matreml'’

140 2432 309 2506 hactenus,
327 2441 360 2496 et
375 2430 506 2531 gemuit.
549 2430 671 2517 gelidos
688 2431 820 2497 nutricis
836 2430 871 2496 in
888 2444 975 2497 artus

141 2538 275 2600 ossaque
292 2514 405 2604 (sensit
421 2515 521 2599 enim)
537 2527 681 2603 penetrat
698 2528 825 2595 tremor,
842 2516 977 2601 albaque
993 2526 1060 2583 toto

141 2602 259 2668 vertice
276 2600 406 2668 canities
423 2601 533 2688 rigidis
551 2601 637 2667 stetit
653 2600 736 2667 hirta
753 2602 885 2688 capillis.
1067 2623 1069 2626 ·
1178 2619 1230 2671 420

141 2689 320 2771 multaque,
336 2697 373 2778 ut
389 2698 551 2753 excuteret
568 2687 668 2763 dnos,
685 2686 713 2751 si
729 2698 850 2773 posset,
868 2709 1007 2766 amores,-

142 2772 271 2838 addidit.
315 2782 349 2838 at
365 2773 455 2858 virgo
473 2771 533 2838 scit
549 2794 583 2836 se
600 2793 665 2835 non
681 2772 764 2837 falsa
779 2772 901 2838 moneri
906 2797 916 2850 3

143 2868 229 2923 certa
244 2857 326 2922 mori
341 2868 449 2923 tamen
465 2868 528 2933 est,
544 2856 573 2921 si
589 2878 653 2921 non
670 2856 810 2943 potiatur
826 2879 943 2923 amore.

143 2942 270 3018 “viva''
288 2942 332 3006 ait
348 2942 427 3008 haec
443 2941 588 3028 “potiere
606 2946 687 3007 tuo”
708 2952 741 3005 et
752 2963 826 3006 ,non
844 2964 922 3007 ausa
938 2942 1119 3029 “parente''

142 3027 263 3104 dicere,
281 3027 431 3093 conticuit
446 3027 664 3113 promissaque
681 3026 810 3092 numine
827 3027 941 3093 firmat.
1178 3046 1233 3098 480

142 3113 225 3178 festa
240 3111 312 3197 piae
330 3110 455 3178 Cereris
473 3112 675 3178 celebrabant
691 3134 798 3177 annua
813 3123 930 3178 matres

142 3196 211 3272 illa,
228 3196 344 3280 quibus
360 3198 453 3262 nivea
469 3198 592 3263 velatae
609 3218 742 3282 corpora
758 3208 845 3262 veste

143 3281 298 3368 primitias
314 3281 444 3367 frugum
461 3283 538 3347 dant
554 3282 660 3368 spicea
677 3293 761 3347 serta
778 3305 918 3359 suarum,
976 3300 978 3303 ’

143 3387 264 3468 perque
280 3387 393 3431 novem
410 3378 519 3432 noctes
535 3367 695 3433 Venerem
712 3378 878 3451 tactusque
895 3367 1002 3433 viriles

144 3474 178 3516 m
196 3450 301 3516 vetitis
317 3462 492 3540 numerant
535 3452 630 3517 turba
647 3448 820 3518 Cenchreis
836 3452 869 3516 in
886 3453 951 3529 illa,
1161 3471 1231 3525 tto

143 3536 229 3623 regis
246 3536 336 3601 adest
352 3535 503 3613 coniunx,
522 3558 699 3621 arcanaque
717 3559 806 3603 sacra
822 3537 1012 3622 frequentat.

144 3644 221 3708 ergo
239 3620 380 3707 legitima
396 3642 516 3686 vacuus
534 3621 610 3686 dum
628 3622 763 3707 coniuge
779 3623 890 3700 lectus,
933 3666 936 3671 -

143 3717 238 3773 nacta
254 3729 384 3793 gravem
402 3705 475 3770 vino
494 3704 646 3792 Cinyram
662 3708 746 3773 male
763 3707 873 3772 sedula
888 3707 1008 3786 nutrix,

143 3792 270 3858 nomine
287 3790 429 3867 mentitu,
447 3812 538 3856 veros
556 3792 684 3878 exponit
700 3791 824 3857 amores

37 3879 40 3885 ’
145 3888 176 3943 et
192 3877 307 3942 faciem
322 3876 442 3941 laudat.
486 3877 635 3959 quaesitis
652 3877 784 3963 virginis
801 3875 892 3941 annis
1180 3896 1232 3947 440

145 3961 252 4047 “par''
270 3961 315 4026 ait
332 3961 453 4028 “estM
507 3960 597 4026 hae.’'
624 3982 719 4046 quam
732 3973 899 4048 postquam
908 3962 1065 4028 adducere
1078 3961 1166 4028 iussa
1173 3973 1237 4046 est,-

143 4059 242 4136 utque
259 4047 439 4143 domum-re
463 4047 509 4125 it,
524 4047 668 4140 f‘gaude,
686 4046 780 4113 mea”
799 4047 878 4112 dixit
895 4048 1061 4138 “alumna:
