2800 4500
319 228 687 321 unumomnosncu
703 259 777 318 um.
795 260 818 317 1.
836 258 982 317 aro-rar.

141 389 198 457 sed
214 387 333 467 timuit,
351 411 392 455 ne
409 388 490 454 forte
507 410 597 454 sacer
612 398 660 453 tot
677 387 719 452 ab
736 385 864 472 ignibus
881 383 990 451 aether

141 475 322 561 conciperet
338 475 483 540 flammas
488 521 498 552 ,
514 475 693 560 longusque
710 473 888 539 ardesceret
905 470 984 536 axis.

142 584 212 628 esse
229 582 357 646 quoque
373 559 407 624 in
424 559 498 624 fatis
514 558 735 634 reminiscitur,
753 557 863 624 adfore
880 568 1015 642 tempus,

141 668 206 732 quo
223 668 326 723 mare,
343 665 407 729 quo
425 646 519 711 tellus
536 657 743 730 correptaque
759 642 849 728 regia
865 643 946 709 caeli

142 732 253 798 ardeat
270 744 303 797 et
319 730 430 796 mundi
447 730 547 796 moles
564 751 699 815 operosa
715 729 846 794 laboret

141 819 207 884 tela
221 829 419 903 reponuntur
435 815 582 880 manibus
599 815 755 880 fabricata
772 812 961 899 Cyclopum.

142 926 246 991 poena
262 903 368 989 placet
384 902 524 978 diversa,
541 923 643 987 genus
660 901 793 965 mortale
810 900 871 965 sub
888 900 982 964 undis

142 990 275 1077 perdere
293 999 383 1054 etex
401 987 487 1052 omni
503 986 628 1052 nimbos
647 986 811 1052 demittere
828 986 926 1050 caelo.

143 1074 286 1162 protinus
304 1072 426 1138 Aeoliis
442 1073 638 1156 Aquilonem
656 1071 775 1136 claudit
791 1070 824 1135 in
842 1072 950 1147 antris,

144 1171 175 1227 et
192 1179 411 1243 quaecumque
428 1157 543 1243 fugant
559 1157 705 1222 inductas
722 1155 851 1221 flamina
866 1157 979 1233 nubes,

67 1304 69 1308 .
144 1244 321 1329 emittitque
338 1245 468 1308 Notum.
512 1242 647 1307 madidis
664 1242 768 1307 Notus
786 1242 890 1307 evolat
907 1242 977 1319 alis,

143 1330 316 1395 terribilem
332 1328 424 1415 picea
440 1339 542 1394 tectus
560 1326 695 1414 caligine
713 1329 851 1392 vultum:

144 1416 244 1482 barba
260 1415 367 1501 gravis
384 1414 511 1492 nimbis,
529 1414 616 1479 canis
632 1412 702 1478 fluit
718 1412 806 1478 unda
822 1412 954 1500 capillis,

143 1502 248 1567 fronte
266 1500 377 1566 sedent
393 1500 539 1576 nebulae,
557 1509 665 1563 rorant
705 1519 869 1582 ennaeque
886 1499 1048 1583 sinusque.

143 1597 243 1671 utque
260 1608 357 1650 manu
373 1586 437 1651 late
453 1585 624 1671 pendentia
640 1520 751 1648 nulrila
766 1583 891 1669 pressit,

143 1673 179 1737 fit
196 1672 318 1757 fragor3
336 1670 411 1736 hinc
426 1670 517 1736 densi
533 1670 711 1734 funduntur
727 1670 769 1734 ab
786 1670 913 1735 aethere
929 1668 1040 1734 nimbi.

143 1757 256 1822 nuntia
271 1755 403 1822 Iunonis
420 1756 525 1821 varios
541 1756 654 1821 induta
671 1755 791 1820 colores
973 1834 975 1837 ι

144 1843 282 1928 concipit
298 1842 359 1908 Iris
377 1863 477 1926 aquas
494 1842 706 1925 alimentaque
722 1839 862 1906 nubibus
879 1840 993 1906 adfert

144 1939 329 1994 sternuntur
345 1937 469 2013 segetes
487 1940 518 1993 et
536 1928 699 2014 deplorata
717 1925 836 1991 colonis

144 2026 220 2079 vota
236 2013 354 2091 iacent,
371 2013 522 2098 longique
538 2011 620 2097 perit
637 2011 727 2076 labor
743 2011 849 2075 irritus
867 2009 951 2075 anni.

145 2121 204 2165 uec
222 2099 310 2164 caelo
328 2109 476 2164 contenta
493 2119 551 2163 suo
569 2107 617 2162 est
633 2097 720 2161 lovis
737 2097 799 2173 ira,
817 2096 874 2161 sed
891 2096 980 2161 illum

146 2184 309 2251 caeruleus
326 2183 425 2251 frater
440 2183 530 2250 iuvat
547 2182 753 2248 auxiliaribus
769 2180 874 2247 undis.

147 2281 300 2335 convocat
317 2270 369 2336 hic
386 2270 519 2335 Amnes.
564 2269 618 2353 qui
635 2280 804 2355 postquam
821 2278 905 2333 tecta
921 2267 1048 2354 tyranni

146 2357 302 2421 intravere
320 2356 384 2433 sui,
403 2362 481 2421 ‘non
499 2367 547 2421 est
563 2353 739 2419 hortamine
756 2354 853 2440 longo

145 2442 245 2506 nunc'
263 2441 308 2507 ait
325 2442 503 2507 ‘utendum
545 2441 629 2505 vires
647 2439 800 2506 effundite
817 2450 938 2505 vestras

145 2527 206 2609 (sic
224 2548 304 2612 opus
322 2527 395 2611 est),
413 2526 532 2626 aperite
549 2525 660 2590 domos
678 2547 717 2590 ac
734 2526 817 2591 mole
833 2534 956 2591 remota

145 2613 329 2677 fluminibus
346 2622 460 2677 vestus
476 2622 559 2676 totas
576 2611 724 2676 inmittite
741 2610 912 2676 habenasl’

145 2698 289 2763 iusserat.
332 2697 366 2761 hi
382 2697 516 2763 redeunt
532 2718 571 2761 ac
586 2696 729 2761 fontibus
746 2718 803 2761 ora
818 2696 972 2774 relaxant,

146 2795 178 2847 et
194 2783 358 2847 defrenato
376 2783 547 2848 volvuntur
562 2781 596 2847 in
613 2802 753 2865 aequora
770 2803 874 2847 cursu.

146 2868 214 2952 ipse
231 2867 366 2933 tridente
384 2889 442 2933 suo
460 2878 576 2933 terram
592 2867 761 2952 percussit:
779 2878 813 2932 at
829 2867 885 2932 illa

145 2952 308 3019 intremuit
325 2963 477 3036 motuque
494 2953 562 3017 vias
578 2952 730 3038 patefecit
747 2974 912 3036 aquarum.

147 3038 309 3124 expatiata
325 3048 422 3103 ruunt
439 3061 495 3125 per
512 3049 638 3124 apertos
654 3037 786 3102 flumina
803 3059 943 3123 campos,

146 3146 284 3209 cumque
301 3124 377 3190 satis
395 3124 525 3189 arbusta
541 3123 635 3188 simul
651 3122 854 3209 pecudesque
871 3122 1020 3206 virosque

145 3221 294 3293 tectaque
311 3230 448 3293 cumque
466 3209 532 3274 suis
548 3208 675 3294 rapiunt
692 3208 867 3294 penetralia
884 3210 991 3273 sacris.

145 3296 173 3360 si
190 3316 254 3378 qua
272 3295 386 3360 domus
402 3294 518 3359 mansit
534 3294 699 3379 potuitque
717 3294 862 3359 resistere
879 3304 968 3359 tanto

145 3380 302 3445 indeiecta
319 3380 414 3457 malo,
432 3380 556 3445 culmen
574 3391 681 3444 tamen
698 3378 791 3444 altior
808 3379 902 3444 huius

146 3466 233 3529 unda
249 3465 343 3551 tegit,
360 3485 550 3550 pressaeque
566 3465 666 3529 latent
684 3464 745 3528 sub
761 3464 887 3550 gurgite
904 3475 1015 3530 turres.

147 3550 274 3633 iamque
290 3572 378 3615 mare
396 3562 428 3616 et
444 3550 537 3615 tellus
554 3550 677 3614 nullum
695 3550 864 3614 discrimen
881 3549 1056 3615 habebant:

146 3634 254 3699 omnia
269 3646 386 3720 pontus
403 3647 506 3701 erant:
524 3635 654 3701 deerant
670 3656 799 3718 quoque
815 3634 908 3700 litora
923 3646 1032 3721 ponto.

146 3731 282 3806 occupat
298 3720 350 3785 hic
367 3721 494 3797 collem3
512 3720 628 3786 cumba
644 3721 734 3786 sedet
750 3720 830 3785 alter
847 3720 973 3786 adunca

146 3816 179 3870 et
195 3805 283 3870 ducit
299 3826 404 3871 remos
420 3805 500 3883 illic,
516 3806 573 3870 ubi
589 3828 691 3891 nuper
709 3816 823 3870 ararat

144 3889 198 3955 ille
216 3913 312 3976 supra
329 3902 453 3976 segetes
470 3902 527 3956 aut
542 3914 664 3957 mersae
681 3891 821 3956 culmina
836 3892 930 3958 villae

144 3975 290 4060 navigat:
309 3974 360 4041 hic
378 3999 503 4043 summa
519 3976 638 4061 piscem
656 3976 822 4062 deprendit
838 3975 872 4041 in
888 3977 985 4042 ulmo.

144 4060 254 4148 ligitur
270 4059 304 4124 in
321 4060 427 4141 viridi,
446 4063 473 4128 si
490 4060 557 4127 fors
574 4061 656 4140 tulit,
674 4083 790 4128 ancora
806 4073 909 4151 prato,

1097 196 1099 199 ’
1142 241 1163 312 r

1181 488 1232 539 255
