2800 4500
138 252 223 335 ,t
312 256 1003 319 uunsuoaunosuouum.x1.4ea-ora
1096 229 1173 312 '193'

146 395 242 470 atque
258 384 331 451 aliis
343 406 485 463 murum,
503 383 674 471 trepidare,
691 381 871 448 tenentibus
887 382 983 448 intus.

146 470 254 536 deficit
270 493 335 549 ars,
353 471 512 556 animique
531 470 657 536 cadunt
701 468 896 552 totidemque
913 469 1069 546 videntur,

147 567 225 639 quot
243 557 370 622 veniant
384 559 514 632 fluctus,
531 577 623 621 ruere
640 564 735 638 atque
752 553 925 640 irrumpere
942 565 1077 618 mortes·

145 663 211 706 uon
227 651 315 708 tenet
330 643 383 708 hic
398 642 560 719 lacrimam
577 649 683 725 stupet
700 638 767 716 hic;
785 651 878 704 vocat
894 639 947 703 ille
965 640 1085 716 beatos,

146 725 260 792 funera
276 748 356 811 quos
374 737 537 803 maneant3
554 725 608 790 hic
624 724 706 789 votis
723 747 841 789 numen
859 724 979 800 adorat,
1185 745 1236 795 640

146 811 356 896 bracchiaque
374 813 416 877 ad
434 813 566 887 caelum,
584 809 670 894 quod
687 832 752 875 nou
765 808 870 887 uidet,
887 809 976 874 irrita
992 809 1105 874 tollens

169 896 248 961 oscit
263 918 372 984 opem3
391 897 528 963 subeunt
544 895 590 960 illi
606 896 767 979 fraterque
783 915 972 980 parensque,

146 918 221 1047 duic
238 1004 311 1048 cum
350 982 515 1069 ignoribus
532 981 655 1056 domus,
672 991 706 1046 et
721 981 809 1064 quod
825 979 940 1063 cuique
956 978 1101 1045 relictum
1119 991 1176 1047 est

146 1067 293 1152 Alcyone
342 1091 360 1133 e
382 1091 421 1134 ca
437 1077 558 1133 movet:
576 1064 693 1151 Ceycis
709 1065 743 1130 in
760 1087 815 1131 ore

146 1152 235 1216 nulla
250 1153 313 1217 nisi
328 1092 554 1239 Afcyoneest3
572 1163 605 1217 et
621 1173 695 1217 cum
713 1150 869 1217 desideret
885 1173 993 1230 unam,
1185 1172 1235 1221 545

146 1238 265 1322 gaudet
283 1237 394 1304 abesse
411 1249 528 1304 tamen.
570 1236 691 1322 patriae
708 1257 837 1322 quoquc
854 1236 949 1303 vellet
966 1237 1007 1302 ad
1024 1258 1096 1302 oras

146 1322 303 1408 respicere
319 1323 417 1408 inqua
434 1324 564 1388 domum
581 1343 745 1408 supremos
762 1334 885 1388 vertera
901 1322 1023 1388 vultus:

146 1429 273 1487 verum,
291 1408 346 1473 ubi
364 1408 417 1486 sit,
435 1407 545 1475 nescit.
587 1418 676 1473 tanta
691 1407 847 1494 vertigine
863 1418 979 1493 pontus

146 1491 262 1570 fervet,
280 1504 313 1559 et
328 1492 458 1559 inducta
474 1492 572 1580 piceis
590 1492 765 1562 anubibus
783 1494 898 1558 umbra
915 1572 917 1574 q

147 1599 241 1643 omne
257 1579 335 1645 latet
352 1578 732 1664 caelum„duplicataque
749 1577 851 1645 noctis
867 1578 975 1664 imago
992 1591 1049 1646 est.

146 1661 304 1749 frangitur
319 1663 449 1729 incursu
465 1663 602 1729 nimbosi
618 1663 754 1730 turbinis
772 1664 875 1742 arbor,

146 1747 304 1834 frangitur
319 1761 351 1816 et
368 1749 521 1835 regimen.
564 1748 896 1836 spoliisque'auimosa
911 1759 1071 1835 superstes
1167 1762 1178 1794 '²

146 1834 247 1911 unda,
265 1835 353 1901 velut
368 1834 495 1915 victrix,
511 1833 702 1918 sinuataque
719 1834 853 1919 despicit
869 1835 982 1910 undas,

146 1941 207 1984 nec
223 1920 339 1998 levius,
355 1941 453 2003 quam
469 1920 497 1985 si
513 1919 585 2003 quis
602 1919 714 1984 Athon
730 1919 912 1985 Pindumve
928 1919 1071 1985 revulsos

147 2004 222 2071 sede
240 2027 299 2069 sua
314 2015 397 2069 totos
414 2005 448 2069 in
465 2014 611 2090 apertum
627 2003 776 2070 everterit
792 2024 921 2087 aequor,

145 2089 353 2175 praecipitata
370 2089 468 2166 cadit,
484 2088 664 2174 pariterque
682 2099 715 2154 et
730 2088 869 2174 pondere
886 2099 918 2154 et
932 2088 999 2153 ictu

147 2174 262 2260 mergit
278 2174 312 2237 in
328 2174 393 2239 ima
409 2185 519 2239 ratem.
563 2196 635 2240 cum
654 2195 719 2259 qua
734 2196 808 2260 pars
826 2196 944 2260 magua
960 2174 1100 2238 virorum

146 2259 274 2409 gurgite
291 2281 401 2346 pressa
416 2260 507 2346 gravi
565 2260 676 2344 quein
694 2267 769 2326 adra
784 2260 908 2327 reddita
923 2260 990 2324 fato
1048 2280 1062 2332 a
1155 2293 1157 2298 v

161 2355 258 2409 uncta
274 2366 332 2410 suo
350 2356 412 2423 est,
430 2345 481 2410 al‘
522 2355 605 2411 artes
622 2356 655 2412 et
670 2345 815 2412 membra
831 2346 956 2411 carium
1048 2363 1051 2372 “

147 2440 260 2495 trunca
276 2420 410 2505 tenenti!
436 2421 524 2497 tinet
538 2431 607 2517 ipse
623 2454 732 2509 manu,
749 2452 814 2514 qua
830 2441 954 2516 sceptra
971 2430 1102 2509 solebat,
1187 2452 1238 2503 560

146 2514 305 2601 fragmina
320 2516 441 2602 navigii
457 2514 566 2601 Ceyx,
581 2538 789 2601 socerumque
805 2529 992 2603 patremque

145 2599 288 2679 invocat,
305 2600 383 2690 beu!
401 2602 532 2667 frustra:
550 2602 607 2667 sed
622 2602 760 2687 plurima
776 2602 881 2667 nantis
897 2603 931 2666 in
948 2624 1003 2667 ore

146 2687 292 2772 Alcyone
310 2687 457 2760 coniunx.
500 2687 588 2752 illam
604 2686 809 2772 meminitque
825 2687 1000 2771 refertque:

146 2771 231 2836 illius
249 2783 322 2837 ante
339 2773 448 2838 oculos
465 2782 502 2837 ut
518 2783 616 2858 agant
632 2795 691 2838 sua
708 2793 841 2858 corpora
857 2772 983 2850 fluctus,
1058 2850 1064 2862 ⁶

148 2866 250 2941 optat,
269 2867 301 2923 et
317 2857 470 2923 exanimis
488 2857 634 2922 manibus
651 2857 825 2923 tumuletur
842 2858 961 2923 amicis.

148 2943 225 3007 dum
241 2954 343 3020 natat,
361 2944 539 3018 absentem,
557 2942 701 3025 quotiens
719 2941 794 3008 sinit
810 2942 931 3008 hiscere
947 2943 1073 3021 fluctus,

147 3026 290 3091 nominat
305 3027 488 3114 Alcyonen,
505 3027 646 3114 ipsisque
662 3027 873 3093 inmurmurat
889 3027 992 3093 undis.

149 3133 223 3177 ecce
241 3133 337 3197 super
352 3113 472 3179 medios
489 3113 604 3178 fluctus
622 3112 715 3199 niger
731 3135 823 3179 arcus
841 3133 995 3198 aquarum

148 3196 306 3297 frangitur
322 3209 354 3262 ct
370 3209 464 3283 rupta
480 3221 619 3265 mersum
637 3209 732 3285 caput
750 3197 856 3263 obruit
872 3198 968 3263 unda

148 3280 282 3346 Lucrfer
298 3283 467 3361 obscurus,
482 3306 543 3349 uec
560 3304 656 3368 quem
673 3305 864 3370 cognoscere
880 3305 1000 3370 posses,

148 3365 204 3430 illa
225 3367 297 3433 luce
322 3368 395 3445 fuit3
421 3369 634 3453 quoniamque
651 3370 805 3436 excedere
822 3370 910 3435 caelo

148 3472 213 3516 non
229 3451 333 3529 licuit,
351 3453 456 3518 densis
473 3454 552 3519 texit
568 3477 628 3519 sua
644 3455 783 3520 nubibus
800 3476 866 3520 ora.

191 3536 302 3602 Aeolis
319 3538 439 3603 interea
454 3548 614 3605 tantorum
629 3539 741 3625 ignara
756 3540 912 3605 malorum

150 3621 329 3688 dinumerat
344 3633 463 3689 noctes.
507 3634 539 3690 et
554 3625 632 3702 iam,
650 3647 730 3710 quas
746 3625 859 3690 induat
874 3626 937 3704 ille,

148 3706 278 3774 festinat
294 3719 414 3785 vestes3
430 3708 495 3773 iam
512 3730 606 3793 quas,
624 3710 681 3775 ubi
697 3710 820 3776 venerit
835 3711 899 3788 ille,

148 3790 219 3879 ipsa
235 3804 339 3942 geram
357 3793 539 3877 reditusque
557 3795 618 3860 sibi
634 3796 789 3881 promittit
804 3796 926 3862 manes.

149 3877 235 3943 omni
258 3900 296 3944 us
312 3878 367 3944 illa
384 3879 513 3964 quidem
530 3881 652 3966 superis
669 3881 724 3967 pia
740 3892 812 3946 tura
828 3880 961 3957 ferebat,

103 4019 107 4026 .
148 3974 222 4029 ante
239 3974 346 4029 tamen
363 3974 493 4030 cunctos
510 3964 643 4031 Iunonis
660 3965 780 4052 templa
797 3965 921 4033 colebat

147 4068 274 4136 proque
285 4049 369 4128 viro,
386 4049 442 4137 qui
458 4049 564 4116 nullus
580 4061 662 4130 erat,
680 4051 828 4122 veniebat
845 4052 887 4119 ad
904 4074 988 4129 aras,

197 4147 348 4199 ΟΜΝΗ.
965 4152 999 4209 13
