2800 4500
231 268 284 335 44·
426 328 429 333 ,
565 282 600 338 P.
618 281 744 340 OVIDII
760 277 923 339 NASONIS

234 418 266 473 et
282 405 383 472 niveis
399 406 532 474 Leucon
551 418 582 473 et
599 405 681 471 villis
698 404 841 471 Asbolus
858 405 934 472 atris

234 493 497 579 praevalidusque
514 493 625 557 Lacon
643 503 675 557 et
692 490 895 557 oursufortis
912 490 1007 556 Aello

168 598 218 648 225
236 590 268 645 et
284 578 395 643 Thous
413 590 445 644 et
461 576 583 664 Cyprio
600 578 694 644 velox
712 599 785 642 cum
801 577 899 642 fratre
916 575 1063 662 Lycisce,

236 676 268 730 et
284 664 408 750 nigram
425 665 530 729 medio
547 663 684 729 frontem
701 662 868 728 distinctus
885 662 927 726 ab
944 661 1017 726 albo

235 750 396 835 Harpalos
413 762 445 816 et
460 749 630 815 Melaneus
646 748 832 833 hirsutaque
849 769 980 834 corpore
996 745 1140 824 Lachne,
1258 808 1260 813 .

236 847 268 900 et
308 847 374 900 atre
390 834 540 911 Dictaeo,
559 835 616 899 sed
633 844 733 899 matre
750 833 914 899 Laconide
931 832 997 897 nati

236 858 362 986 Labros
379 932 411 986 et
427 920 603 1006 Argiodus,
621 932 652 986 et
669 930 782 984 acutae
799 918 886 984 vocis
903 919 1069 1004 Hylactor,

170 1025 220 1074 225
239 1027 383 1090 quosque
399 1006 517 1071 referre
538 1027 627 1070 mora
644 1017 701 1070 est.
746 1027 784 1070 ea
801 1004 895 1070 turba
911 1003 1060 1090 cupidine
1076 1002 1213 1088 praedae

237 1114 294 1178 per
310 1114 406 1177 rupes
424 1092 631 1177 scopulosque
649 1091 801 1174 adituque
818 1089 958 1155 carentia
974 1111 1061 1164 saxa,

238 1198 365 1261 quaque
384 1190 432 1242 est
449 1177 585 1241 difficilis
602 1197 731 1261 quaque
748 1187 797 1241 est
813 1175 867 1240 via
882 1176 1171 1258 nullasequuutur.

144 1298 146 1300 v
237 1263 295 1328 ille·
307 1262 391 1346 fugit
407 1284 464 1347 per
481 1282 563 1345 quae
580 1261 685 1327 fuerat
700 1261 771 1326 loca
788 1283 883 1346 saepe
899 1271 1036 1326 secutus.

238 1348 316 1425 heu,
333 1348 470 1412 famulos
487 1347 570 1432 fugit
586 1348 597 1412 i
620 1369 655 1412 se
672 1346 760 1411 suos!
779 1347 915 1411 clamare
931 1345 1051 1411 libebat

172 1451 222 1501 aso
239 1435 395 1498 ‘Actaeon
412 1454 472 1518 ego
490 1454 574 1509 sum,
592 1369 756 1496 dominum
773 1432 954 1515 cognoscite
971 1428 1151 1496 vestruml''

239 1518 338 1583 verba
355 1517 459 1582 animo
476 1517 605 1583 desunt:
623 1528 751 1583 resonat
766 1516 931 1582 latratibus
949 1515 1067 1582 aether.

239 1602 342 1688 prima
358 1602 595 1668 Melanchaetes
612 1602 646 1666 in
663 1615 754 1689 tergo
770 1602 903 1668 vulnera
918 1601 1004 1678 fecit,

239 1688 385 1774 proxima
394 1687 628 1752 Therodamas:
641 1685 868 1774 Oresitrophus
885 1688 987 1754 haesit
1004 1687 1037 1750 in
1054 1708 1152 1752 armo,

240 1773 361 1849 tardius
378 1773 534 1850 exierant,
551 1774 607 1839 sed
625 1796 683 1860 per
699 1773 887 1859 compendia
902 1773 1019 1838 montis

173 1876 223 1926 235
240 1858 411 1944 anticipata
428 1859 481 1925 via
497 1870 555 1925 est
598 1859 761 1925 dominum
778 1859 985 1924 retinentibus
1001 1858 1063 1923 illis

242 1954 346 2010 cetera
363 1944 457 2010 turba
473 1945 537 2010 coit
553 1946 736 2029 confertque
752 1944 786 2010 in
804 1965 935 2030 corpore
953 1944 1084 2010 dentes.-

241 2030 306 2094 iam
322 2029 394 2095 loca
409 2030 593 2095 vulneribus
611 2031 736 2096 desunt
778 2030 876 2116 gemit
893 2030 961 2107 ille,
978 2049 1167 2112 sonumque,

242 2116 301 2182 etsi
317 2137 381 2180 non
397 2114 547 2193 hominis,
564 2138 660 2199 quem
677 2127 865 2181 nontamen
882 2116 975 2182 edere
992 2115 1090 2201 possit

243 2223 371 2278 cervus,
388 2200 484 2268 habet
501 2202 692 2287 maestisque
709 2202 810 2289 replet
826 2201 903 2288 iuga
919 2210 995 2267 nota
1011 2198 1161 2284 querelis

176 2305 225 2354 245
243 2304 274 2354 et
291 2288 427 2373 genibus
445 2289 551 2374 pronis
569 2289 705 2374 supplex
722 2287 896 2371 similisque
912 2287 1037 2372 roganti

243 2372 424 2438 circumfert
440 2373 552 2438 tacitos
568 2384 732 2455 tamquam
750 2395 808 2437 sua
824 2371 972 2438 bracchia
988 2371 1104 2436 vultus.

243 2471 276 2523 at
293 2458 423 2523 comites
440 2458 586 2544 rapidum
603 2458 701 2522 solitis
719 2457 895 2523 hortatibus
913 2478 1029 2542 agmen

242 2543 345 2630 ignari
362 2542 515 2629 instigant
531 2543 693 2626 oculisque
711 2544 878 2607 Actaeona
894 2540 1072 2626 quaeruntl

243 2641 275 2694 et
292 2629 380 2693 velut
396 2628 558 2693 absentem
576 2629 720 2693 certatim
735 2628 902 2692 Actaeona
919 2626 1056 2692 clamant
1071 2662 1115 2673 -

176 2732 225 2780 245
243 2715 285 2779 ad
301 2735 418 2778 nomen
435 2735 472 2778 ca
494 2725 531 2778 ut
546 2713 600 2779 ille
616 2713 713 2779 refert
728 2749 773 2760 —
789 2723 822 2778 et
838 2711 949 2778 abesse
966 2723 1151 2797 queruntur,

244 2821 303 2864 nec
321 2820 434 2884 capere
451 2736 576 2864 oblatae
593 2821 724 2884 segnem
741 2797 921 2883 spectacula
937 2798 1083 2884 praedae.

244 2883 340 2950 vellet
356 2885 467 2949 abesse
484 2885 627 2967 quidem3
646 2885 701 2949 sed
719 2885 817 2950 adest.
861 2884 1018 2967 velletque
1034 2884 1152 2962 videre,

244 2991 309 3034 non
326 2969 422 3035 etiam
440 2969 569 3048 sentire,
588 2992 704 3035 canum
720 2970 788 3036 fera
805 2969 890 3035 iacta
907 2990 1045 3035 suorum.

245 3055 386 3139 undique
403 3055 620 3132 circumstant,
637 3055 811 3139 mersisque
827 3055 861 3119 in
879 3076 1009 3140 corpore
1026 3054 1135 3119 rostris

178 3158 228 3207 255
247 3140 419 3205 dilacerant
435 3139 508 3205 falsi
526 3141 689 3205 dominum
706 3141 766 3206 sub
783 3141 922 3226 imagine
940 3139 1034 3205 cervi.

245 3224 319 3326 [neo
336 3225 397 3289 nisi
414 3225 502 3290 finita
519 3248 576 3311 per
592 3226 729 3311 plurima
745 3227 876 3290 vulnera
893 3225 959 3290 vita

244 3334 291 3375 rra
309 3310 507 3396 pharetratae
524 3311 626 3375 fertur
642 3312 756 3376 satiata
772 3306 924 3395 Dianae]

286 3395 410 3461 Rumor
426 3396 458 3461 in
476 3396 626 3481 ambiguo
644 3407 702 3461 est.
729 3395 798 3460 aliis
814 3394 980 3460 violentior
997 3415 1099 3478 aequo
1154 3412 1261 3467 Sancte.

245 3480 313 3545 visa
330 3481 391 3546 dea
408 3491 470 3557 eet,
487 3481 541 3545 alii
557 3481 690 3545 laudant
707 3480 899 3566 dignamque
917 3503 1027 3546 severa

177 3586 226 3634 255
244 3565 424 3650 virginitate
441 3576 566 3630 vocant.
609 3589 682 3652 pars
699 3565 820 3631 invenit
836 3576 970 3650 utraque
988 3587 1110 3631 causas.

246 3652 314 3714 sola
330 3652 417 3715 Iovis
435 3651 572 3716 coniunx
589 3673 653 3715 non
670 3662 736 3715 tam
753 3652 899 3736 culpetne
915 3651 1069 3737 probetne

245 3735 412 3818 eloquitur,
429 3755 526 3819 quam
543 3736 633 3801 clade
650 3736 764 3800 domus
782 3736 823 3800 ab
839 3737 990 3819 Agenore
1007 3737 1121 3802 ductae

245 3820 378 3919 gaudet,
396 3832 429 3884 et
445 3843 465 3884 a
481 3820 580 3905 Tyria
597 3822 764 3887 collectum
780 3820 904 3922 paelice
920 3821 1071 3887 transfert

244 3928 278 3968 111
294 3904 420 3989 generis
438 3905 538 3970 socios
556 3907 673 3971 odium.
717 3907 803 3971 subrt
820 3928 893 3972 ecce
909 3907 1006 3992 priori

177 4009 227 4057 265
244 4010 341 4053 causa
357 4011 482 4067 recens,
499 3991 727 4075 gravidamque
745 3993 830 4057 dolet
848 3992 887 4057 de
905 3992 1024 4058 semine
1041 3992 1150 4078 magni

243 4096 313 4142 esse
330 4075 417 4141 Iovis
435 4073 592 4146 Semelen.
637 4077 712 4146 dum
729 4078 871 4168 linguam
888 4077 930 4146 ad
946 4077 1050 4167 iurgia
1067 4080 1171 4163 solvit,
