2800 4500
312 256 989 317 amrauoaraosnounm.x.·1ra-aoa
1103 235 1167 312 toa

143 385 231 453 frons
249 394 331 462 erat;
347 383 432 450 unde
450 382 545 449 etiam
562 404 677 448 nomen
695 393 819 448 traxere
838 380 999 448 Cerastae.
1017 403 1019 406 ’
1112 374 1117 385 ’

144 482 217 538 ante
234 470 318 537 fores
335 469 448 534 horum
466 469 572 534 stabat
588 468 674 534 Iovis
691 468 837 555 Hospitis
854 491 918 534 ara·

140 554 275 642 ignarus
305 556 431 623 sceleris
464 553 604 640 quamsi
621 553 692 638 quis
710 553 865 639 sanguine
882 553 1013 619 tinctam
1183 572 1234 623 225

144 643 268 708 advena
284 641 428 717 vidisset,
445 650 599 706 mactatos
617 640 758 706 crederet
774 639 839 707 illio

143 728 297 793 lactantes
314 725 430 795 vitulos
447 725 757 808 Amathusiacasque
774 725 932 790 bidentesz

145 813 259 899 hospes
277 821 345 878 erat
361 833 482 877 caesus.
526 810 624 876 sacris
641 810 763 876 offensa
779 810 925 875 nefandis

144 898 156 963 i
179 920 215 963 sa
232 919 306 962 suas
323 896 419 963 urbes
437 895 660 984 Ophiusiaque
676 919 753 961 arva
793 896 904 961 arabat

102 1023 107 1034 ·
168 1004 289 1049 aserere
307 983 391 1048 alma
408 983 529 1050 Venus.
573 981 654 1046 “sed
672 982 750 1065 quid
766 919 837 1046 ldca
852 990 959 1082 grata,
976 979 1054 1066 quid
1070 980 1166 1046 urbes
1184 999 1235 1049 ato

144 1089 317 1154 peccavere
334 1069 444 1133 meae?
470 1067 578 1152 quod’ss
598 1067 678 1132 dixit
695 1066 840 1132 “crimen
856 1090 890 1132 m
906 1066 988 1132 illis?

145 1153 239 1220 exilio
256 1175 392 1239 poenam
409 1153 514 1253 potius
531 1175 610 1238 gens
627 1151 726 1240 impia
741 1152 861 1238 pendat

144 1239 196 1304 vel
213 1261 307 1316 nece,
324 1239 375 1305 vel
392 1238 514 1323 siquid
531 1238 671 1304 medium
689 1250 736 1302 est
754 1237 928 1322 mortisque
945 1235 1117 1322 fugaeque.

144 1324 242 1409 idque
259 1323 336 1408 quid
354 1346 423 1389 esse
440 1334 559 1409 potest,
576 1323 637 1389 nisi
654 1345 765 1390 versae
782 1344 886 1409 poena
901 1323 1066 1409 figurae?'’
1159 1365 1170 1379 *-

145 1409 223 1474 dum
241 1409 378 1487 dubitat,
396 1430 460 1493 quo
477 1419 579 1475 mutet
595 1431 665 1485 eos,
683 1408 724 1474 ad
742 1429 861 1474 cornua
876 1409 1000 1473 vultum
1184 1430 1233 1480 aas

145 1495 246 1571 flexit,
264 1504 296 1560 et
313 1494 474 1560 admonita
491 1504 553 1572 est,
570 1494 649 1560 haec
666 1494 729 1559 illis
745 1515 839 1580 posse
855 1493 1003 1578 relinqui:

145 1580 342 1667 grandiaque
358 1580 391 1644 in
409 1591 515 1646 torvos
532 1580 737 1646 transformat
753 1579 896 1645 membra
911 1579 1072 1646 iuvencos.

189 1664 274 1738 Sunt
290 1676 396 1732 tamen
413 1666 571 1732 obscenae
587 1666 747 1732 Venerem
764 1665 972 1766 Propoetides
989 1688 1086 1732 ausae
1118 1666 1175 1746 Pr?
1192 1683 1234 1720 ⁰0·

146 1774 216 1818 esse
231 1773 350 1837 negare
367 1751 470 1816 deam.
514 1773 571 1851 pro
589 1768 654 1836 quo
672 1774 731 1816 sua
746 1751 885 1815 nummis
903 1750 950 1815 ira
1141 1742 1151 1787 t
1205 1773 1212 1788 ·

145 1858 278 1923 corpora
295 1859 368 1901 cum
385 1837 488 1902 forma
505 1859 626 1922 primae
643 1837 791 1922 vulgasse
807 1837 966 1902 feruntur:
1184 1856 1235 1907 240

145 1934 253 2025 utque·
256 1922 364 2072 pudor
382 1922 490 1999 cessit,
509 1922 702 2022 sanguisque
719 1920 862 1986 induruit
878 1921 952 1998 oris,

144 2032 178 2073 m
188 2030 279 2176 dldlas
293 2092 369 2177 quia
380 2091 574 2178 Pygmalion
586 2114 701 2158 aevum
718 2114 776 2177 per
793 2094 912 2157 crimen
930 2103 1067 2177 agentes⁴
1122 2093 1234 2172 Pspma-

2 2188 4 2201 '
45 2180 51 2187 ’
145 2177 282 2256 viderat,
300 2177 440 2243 offensus
457 2177 556 2256 vitiis,
573 2199 656 2280 quae
673 2177 810 2263 plurima
825 2180 924 2242 menti
1145 2163 1208 2213 “⁰⁰-

277 2030 333 2072 um
349 2028 449 2093 parvo
466 2005 586 2073 silicem
603 2006 783 2072 discrimine
800 2027 919 2072 versae.

144 2264 300 2331 femineae
316 2275 431 2329 natura
447 2262 547 2341 dedit,
565 2286 633 2330 sme
650 2263 786 2349 coniuge
803 2261 929 2328 caelebs
1185 2284 1234 2333 24⁵

145 2350 273 2416 vivebat
290 2348 483 2432 thalamique
501 2348 557 2414 diu
574 2359 719 2415 consorte
736 2347 873 2415 carebat.
984 2417 986 2419 ,

144 2431 265 2501 interea
281 2436 409 2500 niveum
427 2435 507 2499 mira
523 2434 658 2501 feliciter
674 2446 742 2500 arte

145 2520 277 2607 sculpsit
294 2520 373 2585 ebur
389 2520 587 2602 formamque
606 2520 706 2596 dedit,
724 2542 789 2604 qua
805 2519 925 2586 femina
941 2520 1030 2586 nasci

144 2606 232 2672 nulla
248 2616 366 2707 potest,
383 2606 551 2691 operisque
569 2605 618 2671 sui
636 2606 781 2691 concepit
798 2627 947 2671 amorem.

144 2691 275 2778 virgime
293 2702 341 2757 est
358 2713 452 2756 verae
468 2691 580 2768 facies,
598 2712 694 2775 quam
712 2692 818 2757 vivere
835 2691 946 2757 credas

145 2787 190 2854 et,
207 2775 234 2841 si
251 2797 316 2841 non
333 2775 438 2843 obstet
453 2777 644 2853 reverentia,
662 2775 744 2842 velle
761 2776 891 2843 moveri.

23 2892 24 2895 ¹
145 2885 197 2928 ars
214 2862 294 2927 adeo
310 2862 388 2927 latet
405 2873 471 2927 arte
489 2884 556 2927 sua.
600 2862 734 2926 miratur
750 2873 782 2927 et
798 2861 904 2927 haurit

143 2959 270 3033 pectore
286 2946 478 3034 Pygmalion
498 2945 635 3011 simulati
652 2947 793 3032 corporis
809 2947 911 3033 ignes.

145 3055 239 3118 saepe
256 3055 370 3097 manus
388 3033 476 3118 operi
493 3042 682 3117 temptantes
700 3031 864 3108 admovet,
881 3054 922 3096 an
940 3032 981 3098 sit

144 3139 273 3205 corpus,
291 3141 332 3183 an
348 3118 427 3182 illud
445 3118 538 3183 eburz
555 3138 615 3183 nec
632 3117 737 3183 adhuc
754 3117 834 3182 ebur
850 3139 919 3182 esse
935 3117 1063 3183 fatetur.

145 3204 253 3278 oscula
270 3203 326 3268 dat
342 3203 495 3303 reddique
512 3214 605 3289 putat
620 3202 823 3286 loquiturque
841 3212 1000 3287 tenetque,
1073 3239 1077 3244 ·

144 3299 177 3353 et
194 3288 293 3353 credit
311 3288 402 3353 tactis
421 3289 535 3374 digitos
553 3288 690 3354 insidere
708 3288 858 3353 memhris

144 3383 177 3438 et
193 3374 319 3449 metuit,
337 3395 461 3458 pressos
478 3374 584 3439 veniat
600 3396 641 3439 ne
658 3373 739 3439 livor
755 3373 789 3437 in
807 3384 903 3439 artus.

145 3468 177 3523 et
192 3458 287 3522 modo
305 3458 473 3522 blanditias
491 3459 635 3534 adhibet,
653 3459 749 3523 modo
766 3468 858 3544 grata
874 3458 988 3543 puellis

144 3565 277 3608 munera
294 3543 355 3608 fert
371 3541 432 3619 illi,
449 3545 585 3609 conchas
602 3556 781 3627 teretesque
798 3543 922 3630 lapillos

144 3639 176 3693 et
192 3650 307 3713 parvas
323 3628 468 3692 volucres
484 3641 518 3694 et
533 3629 627 3695 flores
644 3630 731 3694 mille
748 3629 890 3696 colorum

142 3711 272 3795 liliaque
288 3712 454 3799 pictasque
471 3712 551 3797 pilas
569 3725 601 3780 et
618 3715 659 3779 ab
677 3715 789 3780 arbore
806 3716 912 3800 lapsas

143 3798 317 3863 Heliadum
334 3797 490 3862 lacrimas.
533 3811 625 3865 ornat
641 3822 770 3884 quoque
787 3800 929 3865 vestibus
946 3811 1044 3878 artus,

144 3882 200 3948 dat
217 3881 323 3968 digitis
341 3905 498 3968 gemmas,
516 3883 571 3949 dat
585 3886 682 3972 longa
699 3885 829 3950 monilia
846 3885 936 3950 collo.

144 3990 220 4033 aure
237 3969 323 4033 leves
341 3968 451 4045 haeae,
467 3968 652 4035 redimicula
669 3981 796 4057 pectore
813 3970 963 4056 pendent.

143 4065 258 4122 cuncta
275 4052 397 4131 decent
440 4075 500 4122 neo
517 4055 604 4124 nuda
620 4056 726 4125 minus
743 4055 883 4136 formosa
898 4056 1034 4125 videtur.
