2800 4500
228 249 292 318 204
401 278 406 285 ’
560 262 593 318 Ρ.
614 262 739 320 OVIDII
754 259 918 320 NASONIS
1026 276 1092 282 ”

227 388 362 474 coniuge
378 386 572 453 Pirithoum:
590 386 676 470 quod
693 408 795 471 paene
813 384 984 451 fefellimus
1002 406 1105 452 omen.

166 532 169 541 t
227 497 302 539 nam
319 473 392 551 tibi,
411 494 578 538 saevorum
595 471 778 538 saevissime
796 468 1039 549 Centaurorum,

160 579 211 628 220
228 558 365 644 Euryte,
382 580 480 643 quam
497 557 571 622 vino
588 568 700 642 peetus
718 567 783 621 tam
801 555 923 642 virgine
940 555 1010 620 visa

228 645 331 722 ardet,
348 654 382 710 et
398 643 534 711 ebrietas
550 642 712 728 geminata
727 641 858 707 libidine
874 652 997 727 regnat.

227 731 371 817 protinus
388 751 518 795 eversae
535 728 664 793 turbant
682 726 828 792 convivia
844 749 983 804 mensae,

228 826 433 900 raptaturque
450 813 549 889 comis
566 835 624 900 per
639 813 706 878 vim
722 834 807 877 nova
823 821 924 897 nupta
939 811 1113 899 prehensis.

163 939 169 969 v
228 901 371 987 Eurytus
388 899 629 985 Hippodamen,
647 898 714 975 alii,
732 919 829 982 quam
846 897 980 982 quisque
997 897 1175 983 probabant

161 1008 210 1057 225
228 999 284 1052 aut
300 997 459 1073 poterant,
477 984 619 1070 rapiunt3
637 994 813 1069 captaeque
830 993 897 1049 erat
914 982 1001 1048 urbis
1017 982 1135 1069 imago.

228 1072 366 1137 femineo
384 1071 522 1136 clamore
540 1080 632 1141 sonat
648 1070 772 1135 domus.
816 1068 904 1133 ocius
921 1089 1031 1134 omnes

229 1158 403 1242 surgimus,
421 1169 453 1223 et
470 1155 592 1243 primus
609 1161 719 1238 “quae
735 1165 768 1220 te
785 1153 961 1232 vecordia,’'
978 1153 1123 1221 Theseus

230 1243 392 1328 “Euryte,
410 1241 539 1327 pulsat''
557 1239 616 1318 ait,
635 1240 715 1324 “qui
734 1263 786 1306 me
803 1239 928 1305 vivente
944 1239 1082 1354 lappssas

228 1327 406 1393 Pirithoum
424 1327 585 1411 violesque
602 1325 682 1391 duos
699 1325 831 1412 ignarus
847 1324 882 1391 in
898 1326 981 1390 uno?

162 1432 213 1482 230
233 1413 327 1500 [neve
344 1435 383 1478 ea
399 1412 621 1498 magnanimus
638 1410 757 1477 frustra
773 1410 995 1477 memoraverit
1011 1410 1114 1488 heros,

229 1499 397 1565 submovet
412 1498 564 1563 instantes
580 1507 768 1583 raptamque
785 1495 963 1562 furentibus
979 1493 1110 1583 aufert]

229 1585 282 1650 ille
298 1583 377 1648 nihil
394 1593 504 1657 contra
520 1581 639 1667 (neque
656 1582 742 1648 enim
759 1581 930 1648 defendere
946 1580 1052 1647 verbis

229 1669 305 1735 talia
321 1669 407 1734 facta
422 1668 551 1754 potest),
569 1667 626 1734 sed
642 1667 776 1733 vindicis
793 1688 850 1733 ora
865 1666 1020 1753 protervis

164 1804 168 1823 t
206 1795 209 1799 -
228 1755 406 1839 insequitur
422 1753 571 1819 manibus
585 1774 805 1854 generosaque
821 1763 951 1839 pectora
967 1752 1082 1838 pulsat.

162 1858 211 1908 235
229 1841 311 1906 forte
328 1840 390 1906 fuit
406 1839 495 1905 iuxta
512 1839 611 1926 sigms
629 1838 811 1904 extantibus
829 1860 922 1923 asper

230 1926 379 2011 antiquus
397 1936 508 2003 crater,
525 1946 621 2008 quem
638 1934 765 1991 vastum
783 1923 901 1990 vastior
917 1924 986 2009 ipse

230 2012 357 2078 sustulit
373 2012 426 2076 Ae
450 2011 517 2076 'des
534 2009 732 2094 adversaque
748 2009 834 2075 misit
850 2009 884 2074 in
901 2031 972 2080 ora,
1251 2073 1253 2077 ,

230 2096 393 2183 sanguinis
410 2033 463 2162 uid
480 2096 594 2183 globos
610 2095 729 2181 pariter
745 2095 975 2179 cerebrumque
991 2116 1178 2180 merumque
1251 2131 1256 2151 κ

165 2222 173 2254 ,ν
230 2184 360 2248 vulnere
379 2192 410 2248 et
426 2202 481 2248 ore
498 2202 630 2248 vomens
646 2181 776 2253 madida
792 2181 960 2267 resupinus
977 2180 1096 2247 harena

163 2286 214 2336 240
231 2269 381 2335 calcitrat
425 2268 595 2334 ardescunt
610 2268 755 2354 germani
771 2268 868 2333 caede
886 2266 1076 2333 bimembres

230 2355 436 2438 certatimque
453 2376 563 2419 omnes
580 2375 645 2418 uno
662 2374 718 2419 ore
735 2360 756 2389 ‘⁴
762 2375 864 2430 arma,
882 2352 1009 2417 armal’'
1027 2352 1210 2436 loquuntur,

230 2440 305 2505 vina
322 2439 441 2505 dabant
458 2439 589 2506 animos.
633 2449 665 2504 et
681 2437 784 2524 prima
801 2438 915 2523 poeula
931 2460 1041 2588 pugna

230 2525 328 2590 missa
344 2525 453 2589 volant
469 2524 662 2610 fragilesque
679 2523 751 2590 cadi
768 2523 920 2606 curvique
949 2523 1067 2600 ebetes,

166 2647 173 2666 ι
230 2633 281 2675 res
297 2610 399 2696 epulis
417 2608 592 2693 quondam,
610 2621 680 2673 tum
696 2609 781 2674 bello
799 2619 831 2674 et
848 2608 1000 2674 caedibus
1017 2620 1119 2695 aptae.

163 2713 213 2762 245
230 2696 352 2781 primus
370 2692 569 2779 Ophionides
586 2695 732 2779 Am‘ycus
750 2693 924 2780 penetralia
940 2693 1032 2760 donis

230 2780 317 2846 haud
334 2780 439 2846 timuit
456 2780 591 2865 spoliare
608 2781 688 2856 suis,
707 2791 740 2845 et
755 2779 876 2865 primus
894 2780 936 2844 ab
952 2779 1032 2846 aede

230 2865 432 2951 lampadibus
450 2866 583 2931 densum
600 2866 705 2951 rapuit
721 2865 830 2931 funale
847 2865 1000 2943 coruscis3

231 2952 413 3035 elatumque
431 2951 508 3028 alte,
526 2951 625 3017 veluti
642 2952 697 3035 qui
714 2951 850 3016 candida
866 2951 950 3016 tauri

171 3075 175 3079 ·
230 3059 378 3122 rumpere
395 3036 537 3102 sacrifica
554 3037 681 3101 molitur
698 3037 780 3101 eolla
797 3035 910 3113 securi,

164 3141 214 3189 250
231 3121 317 3187 illisit
333 3122 430 3186 fronti
447 3121 605 3207 Lapithae
624 3117 823 3197 Celadontis,
840 3131 873 3186 et
888 3142 962 3186 ossa

231 3230 295 3272 non
312 3207 513 3294 agnoscendo
531 3206 664 3273 confusa
680 3205 829 3289 relinquit
845 3205 879 3270 in
896 3226 960 3272 ore.

231 3293 369 3359 exiluere
387 3292 485 3369 oculi,
504 3291 705 3376 disiectisque
723 3291 846 3356 ossibus
864 3291 927 3356 oris

232 3388 304 3443 acta
319 3389 403 3443 retro
421 3378 505 3442 naris
522 3377 691 3460 medioque
709 3388 757 3441 est
773 3376 839 3442 fixa
854 3377 971 3462 palato.

231 3464 317 3528 hunc
332 3463 414 3550 pede
432 3464 583 3528 convulso
600 3484 730 3528 mensae
747 3461 895 3527 Pellaeus
912 3484 1046 3528 acernae

163 3568 213 3616 255
231 3547 341 3614 stravit
358 3549 447 3613 humi
463 3547 591 3614 Pelates
608 3547 731 3612 deiecto
747 3547 780 3610 in
797 3557 926 3632 pectora
942 3560 1059 3625 mento,

232 3654 368 3717 cumque
385 3645 453 3698 atro
470 3633 586 3699 mixtos
604 3643 785 3718 sputantem
801 3632 957 3718 sanguine
975 3633 1085 3699 dentes

232 3719 363 3784 vulnere
379 3718 548 3784 Tartareas
565 3717 727 3802 geminato
744 3717 841 3782 mittit
857 3717 898 3782 ad
915 3717 1054 3783 umbras.

231 3803 394 3889 proximus
410 3815 448 3868 ut
464 3815 608 3881 steterat,
625 3813 772 3887 spectans
790 3802 902 3867 altaria
917 3803 1009 3867 vultu

168 3947 171 3958 .
232 3887 356 3953 fumida
372 3888 504 3954 terribili
522 3894 605 3953 “cur
620 3886 711 3952 non'’
729 3887 773 3953 ait
791 3887 935 3952 “utimur
950 3885 1063 3953 istis?”

121 4052 123 4055 Α
165 3994 215 4043 260
233 3993 370 4056 eumque
387 3973 452 4038 suis
471 3970 621 4073 Gryneus
638 3973 810 4038 immanem
827 3973 954 4038 sustulit
971 3995 1059 4038 aram

231 4056 376 4146 ignibus,
394 4069 426 4123 et
442 4057 583 4125 medium
601 4057 812 4147 Lapitharum
828 4058 902 4127 iecit
917 4058 952 4128 in
969 4080 1096 4147 agmen,
1188 4081 1190 4086 ·
