2800 4500
314 276 681 336 omrauonnuossou
697 278 770 334 nm.
789 279 825 334 x.
843 278 989 335 rra-seo.
1101 263 1164 334 175

140 409 345 484 mutataeque
361 401 439 467 mihi
456 401 618 486 vitamque
635 422 810 485 necemque
826 401 973 487 negate.''

141 509 259 552 numen
277 487 428 553 confessis
447 487 575 571 aliquod
593 497 695 574 patet:
713 486 825 552 ultima
842 498 927 552 certe

141 583 216 637 vota
233 594 307 641 suos
325 571 464 639 habuere
482 573 568 638 deos.
612 595 687 637 nam
705 594 798 637 crura
814 571 972 656 loquentis

138 667 225 724 terra
242 659 438 742 supervenit,
454 670 628 744 ruptosque
645 656 775 741 obliqua
791 679 849 743 per
865 680 990 743 ungues
1182 679 1234 730 sao

139 742 311 828 porrigitur
327 743 433 820 radix,
450 743 538 829 longi
555 743 734 808 firmamina
749 742 863 820 trunci,

140 849 275 911 ossaque
292 829 390 892 robur
407 840 521 914 agunt,
538 829 707 912 mediaque
724 839 872 893 manente
889 827 1029 894 medulla

141 914 271 998 sanguis
287 914 313 977 it
329 912 362 977 in
381 936 489 990 sucos,
506 915 539 978 in
556 936 691 999 magnos
708 913 857 979 bracchia
873 934 988 990 ramos,

140 997 175 1062 in
191 1020 307 1084 parvos
326 998 416 1085 digiti
422 1023 431 1075 ;
450 1000 581 1064 duratur
598 999 715 1065 cortice
732 999 833 1085 pellis.

139 1083 267 1167 iamque
284 1106 416 1168 gravem
433 1106 577 1150 crescens
595 1095 721 1150 uterum
737 1085 953 1170 praecinxerat
970 1086 1064 1153 arbor
1182 1104 1233 1155 495

140 1179 333 1255 pectoraque
352 1170 501 1234 obruerat
518 1171 698 1254 collumque
716 1169 838 1256 operire
855 1170 1001 1254 parabat:

140 1275 204 1317 non
223 1253 294 1318 tulit
312 1253 366 1318 illa
383 1276 519 1332 moram,
537 1255 740 1338 venientique
757 1255 852 1319 obvia
868 1255 956 1340 ligno

141 1337 285 1403 subsedit
301 1338 471 1423 mersitque
490 1362 563 1404 suos
581 1341 614 1405 in
632 1339 748 1405 cortice
765 1341 882 1405 vultus.

140 1444 223 1506 quae
240 1444 434 1507 quamquam
452 1424 556 1490 amisit
573 1434 695 1491 veteres
714 1447 786 1490 cum
804 1446 934 1511 corpore
953 1448 1075 1505 sensus,

139 1507 195 1574 flet
211 1518 332 1586 tamen,
350 1521 382 1574 et
400 1510 525 1596 tepidae
541 1522 674 1576 manant
690 1534 731 1577 ex
748 1512 860 1576 arbore
877 1523 998 1597 guttae.
1181 1534 1232 1582 500

140 1603 189 1658 est
205 1593 307 1659 honor
324 1605 356 1659 et
371 1595 523 1672 lacrimis3
543 1596 723 1680 stillataque
741 1596 857 1662 cortice
874 1619 982 1661 murra

139 1701 256 1744 nomen
274 1679 349 1745 erile
367 1692 451 1746 tenet
467 1682 620 1765 nulloque
629 1681 786 1748 tacebitur
802 1702 891 1746 aevo.

181 1767 229 1828 At
245 1765 328 1830 male
345 1777 516 1851 conceptus
535 1768 595 1832 sub
612 1768 726 1833 robore
743 1780 884 1833 creverat
901 1766 1018 1844 infans,
1123 1785 1231 1838 Adana.

139 1851 375 1935 quaerebatque
392 1851 492 1927 viam,
510 1873 574 1936 qua
591 1875 626 1917 se
643 1852 803 1937 genetrice
820 1852 931 1917 relicta

139 1946 291 2001 exereret
334 1936 440 2001 media
456 1936 609 2022 gravidus
625 1948 727 2002 tumet
743 1937 856 2003 arbore
874 1949 997 2003 venter:
1181 1958 1231 2007 505

138 2022 240 2087 tendit
257 2042 337 2086 onus
355 2032 498 2086 matrem.
541 2042 646 2104 neque
663 2021 782 2087 habent
799 2044 858 2087 sua
874 2022 973 2087 verba
990 2023 1124 2099 dolores,

138 2128 198 2170 uec
216 2105 342 2171 Lucina
359 2117 462 2191 potest
480 2105 630 2191 parientis
648 2126 726 2171 voce
744 2107 861 2172 vocari.

138 2190 251 2256 nitenti
268 2201 375 2257 tamen
391 2202 440 2256 est
457 2191 581 2270 similis,
599 2202 793 2275 curvataque
811 2191 938 2260 crebros

139 2277 194 2341 dat
211 2276 348 2362 gemitus
366 2276 460 2342 arbor
476 2276 675 2362 lacrimisque
693 2277 880 2343 cadentibus
897 2291 995 2344 umet.

140 2361 278 2427 constitit
296 2361 337 2426 ad
354 2383 459 2427 ramos
476 2362 559 2428 mitis
578 2363 704 2428 Lucina
721 2362 862 2429 dolentes

139 2447 342 2531 admovitque
359 2470 472 2513 manus
490 2459 523 2512 et
539 2448 638 2513 verba
653 2471 811 2549 puerpera
828 2448 917 2514 dixit.

139 2532 234 2598 arbor
250 2532 317 2619 agit
334 2532 429 2597 rimas
447 2544 477 2597 et
495 2533 571 2599 fissa
588 2544 702 2599 cortme
721 2536 830 2599 vivum

67 2645 72 2651 ’
138 2617 243 2683 reddit
259 2640 354 2694 onus;
373 2618 523 2704 vagitque
540 2642 634 2720 puer:
653 2640 749 2703 quem
767 2620 915 2685 mollibus
933 2620 1039 2686 herbis

138 2702 258 2769 Naides
275 2703 458 2790 impositum
476 2704 613 2769 lacrimis
631 2728 752 2770 unxere
769 2706 917 2791 parentis.

138 2788 283 2854 laudaret
299 2789 414 2853 faciem
432 2789 532 2854 Livor
550 2810 687 2874 quoque.
730 2791 837 2874 qualia
853 2812 991 2876 namque

23 2886 24 2889 ’
139 2894 271 2959 corpora
288 2873 445 2939 nudorum
462 2874 572 2940 tabula
587 2875 764 2961 pinguntur
780 2875 948 2953 Amorum,

139 2959 211 3024 talis
229 2970 306 3024 erat.
350 2960 421 3035 sed,
438 2982 480 3026 ne
496 2959 595 3025 faciat
611 2959 793 3025 discrimina
809 2962 924 3038 cultus,

139 3057 196 3109 aut
212 3043 287 3108 huic
304 3044 386 3111 adde
404 3046 490 3111 leves
507 3056 563 3110 aut
578 3045 640 3110 illis
659 3045 751 3111 deme
768 3046 942 3132 pharetras.

138 3129 256 3194 labitur
272 3131 395 3195 occulte
412 3130 556 3215 fallitque
573 3130 710 3195 volatilis
728 3143 826 3208 aetas,

139 3225 172 3279 et
188 3214 266 3280 nihil
283 3228 332 3280 est
349 3216 439 3281 annis
458 3215 607 3282 velocius.
645 3215 698 3281 ille
715 3238 822 3282 sorore

138 3310 233 3365 natus
251 3321 374 3383 avoque
392 3323 460 3378 suo,
478 3301 541 3386 qui
552 3302 697 3367 conditus
716 3301 828 3369 arbore
845 3325 957 3388 nuper,

139 3407 240 3470 nuper
257 3397 324 3449 erat
341 3386 481 3470 genitus,
499 3387 594 3451 modo
611 3387 858 3453 formosissimus
874 3389 991 3467 infans,

139 3469 203 3534 iam
219 3469 357 3541 iuvenis,
375 3471 439 3534 iam
456 3471 514 3547 vir,
532 3471 596 3537 iam
614 3495 647 3538 se
665 3472 832 3538 formosior
848 3474 918 3558 ipso
936 3485 999 3539 estz

138 3554 203 3619 iam
220 3556 323 3641 placet
341 3567 372 3620 et
390 3556 509 3621 Veneri
525 3557 698 3641 matrisque
715 3558 877 3623 ulciscitur
894 3559 996 3644 ignes.

138 3662 278 3724 namque
294 3640 493 3726 pharetratus
511 3643 587 3707 dum
605 3643 659 3708 dat
676 3665 757 3728 puer
773 3644 882 3708 oscula
898 3644 1002 3721 matri,

138 3725 256 3791 inscius
274 3725 394 3791 extanti
412 3725 575 3793 destrinxit
593 3727 769 3794 harundine
785 3739 906 3813 pectus.

137 3810 225 3875 laesa
241 3833 338 3875 manu
355 3822 466 3876 natum
484 3813 544 3877 dea
560 3814 708 3899 reppulit.
750 3813 844 3879 altius
862 3825 968 3879 actum

138 3896 254 3960 vulnus
272 3907 339 3960 erat
356 3895 476 3983 specie,
493 3897 658 3982 primoque
676 3899 832 3964 fefellerat
847 3899 960 3985 ipsam.

138 3992 232 4065 capta
249 3980 308 4044 viri
324 3981 427 4047 forma
443 4003 509 4046 non
525 3982 588 4047 iam
607 3981 779 4069 Cythereia
795 3995 885 4049 curat

137 4064 243 4144 litora,
262 4087 325 4132 non
343 4067 407 4134 alto
424 4067 537 4158 repetit
556 4068 690 4157 Paphon
708 4091 845 4156 aequore
863 4069 998 4137 cinctam
1177 4090 1228 4145 cao
