2800 4500
242 242 286 310 48
575 263 609 318 P.
628 262 753 322 ovmn
769 262 932 324 0000000

243 382 382 469 protegit
398 394 430 450 et
447 384 521 451 solis
537 409 579 452 ex
595 387 649 453 illo
666 388 746 454 vivit
762 389 795 455 in
812 391 919 456 antris.

177 485 226 534 005
245 468 301 533 sed
318 479 423 535 tamen
439 471 548 538 haeret
566 495 655 539 amor
671 476 847 560 crescitque
865 478 972 544 dolore
989 479 1144 564 repulsae.

244 564 417 620 extenuant
433 556 545 643 vigiles
562 580 677 646 corpus
693 561 872 628 miserabile
890 585 995 641 curae,

244 639 436 724 adducitque
453 654 559 709 cutem
575 646 692 711 macies
710 657 743 712 et
759 647 793 711 in
810 653 884 713 ae'ra
900 671 995 715 sucus

244 725 382 811 corporis
400 728 502 793 omnis
519 728 599 795 abit:
618 752 680 796 vox
697 742 822 797 tantum
839 745 934 818 atque
952 756 1023 800 ossa
1041 746 1219 822 supersunt.

243 831 307 875 vox
323 824 444 879 manet:
463 835 535 879 ossa
550 815 658 881 ferunt
673 817 789 902 lapidis
806 820 939 885 traxisse
955 821 1101 906 figuram.

175 915 226 965 400
246 894 333 982 [inde
349 896 428 964 latet
444 898 530 964 silvis
547 902 698 985 nulloque
716 903 748 967 in
765 916 873 970 monte
890 906 1029 971 videtur:

243 982 391 1047 omnibus
408 984 544 1051 auditur.
588 1008 685 1052 sonus
704 1000 765 1065 est,
784 989 839 1073 qui
856 990 935 1055 vivit
951 991 984 1057 in
1000 989 1078 1079 illa]

286 1065 342 1134 Sic
358 1068 454 1145 hanc,
472 1070 519 1136 sio
535 1071 613 1137 alias
630 1074 724 1138 undis
741 1085 797 1139 aut
813 1076 974 1141 montibus
991 1089 1075 1143 ortas

242 1153 362 1219 luserat
378 1154 431 1220 hio
447 1156 618 1242 nymphas,
638 1158 683 1223 sio
700 1172 808 1225 coetus
827 1172 899 1226 ante
917 1161 1032 1228 viriles.

144 1302 146 1305 .
242 1238 316 1305 inde
332 1262 445 1304 manus
462 1241 576 1325 ahquis
594 1242 761 1329 despectus
779 1246 820 1310 ad
837 1245 964 1312 aethera
980 1250 1093 1314 tollens

174 1343 225 1392 405
243 1324 303 1388 ‘sic
321 1336 405 1390 amet
421 1326 490 1411 ipse
506 1327 594 1403 licet,
612 1328 658 1393 010
674 1351 739 1394 000
755 1330 894 1415 potiatur
911 1334 1044 1400 amatol'

243 1409 380 1475 dixerat:
398 1412 532 1477 assensit
548 1413 695 1499 precibus
712 1415 910 1482 Rhamnusia
926 1418 1027 1484 iustis.

242 1495 315 1559 fons
333 1506 401 1561 erat
417 1496 546 1572 inlimis,
563 1499 670 1565 nitidis
688 1514 856 1586 argenteus
874 1502 977 1579 undis,

244 1601 340 1662 quem
357 1603 460 1665 neque
477 1594 619 1668 pastores
635 1607 740 1668 neque
757 1597 866 1672 pastae
882 1600 989 1655 monte
1007 1591 1146 1677 capellae

244 1666 441 1750 contigerant
458 1669 584 1735 aliudve
600 1692 713 1755 pecus,
731 1693 826 1755 quem
842 1674 930 1738 nulla
946 1676 1083 1741 volucris

174 1771 225 1820 410
243 1772 302 1815 000
319 1752 388 1816 fera
404 1752 547 1819 turbarat
563 1776 623 1820 nec
639 1756 748 1841 lapsus
766 1757 807 1822 ab
825 1758 937 1824 arbore
955 1783 1071 1826 ramus.

242 1859 373 1921 gramen
391 1850 459 1902 erat
475 1839 573 1917 circa,
591 1842 677 1924 quod
693 1843 856 1927 proximus
873 1866 965 1910 umor
981 1846 1095 1925 alebat,

243 1922 384 2005 silvaque
402 1924 468 1989 sole
484 1925 589 1990 locum
607 1948 740 2012 passura
757 1939 917 2013 tepescere
934 1932 1030 1997 nullo.

241 2006 294 2071 hio
310 2029 390 2093 puer
406 2019 437 2074 et
455 2010 558 2075 studio
576 2013 712 2077 venandi
728 2015 830 2079 lassus
848 2027 880 2081 et
895 2028 985 2081 aestu

241 2092 423 2177 procubuit,
439 2093 617 2181 faciemque
631 2099 693 2163 loci
710 2099 893 2183 fontemque
911 2114 1048 2167 secutus.

179 2196 231 2242 415
243 2180 397 2268 [dumque
416 2181 500 2246 sitim
518 2184 628 2247 sedare
645 2182 742 2268 cupit,
760 2183 828 2246 sitis
846 2186 945 2251 altera
961 2184 1073 2272 crevit]

246 2269 496 2353 dumquebibit,
514 2269 602 2334 visae
619 2281 783 2354 correptus
800 2268 939 2353 imagine
955 2267 1077 2333 formae

246 2377 335 2440 spem
344 2354 411 2419 sine
420 2376 550 2440 corpore
559 2365 659 2430 amat3
673 2374 787 2438 corpus
801 2363 892 2438 putat
901 2375 980 2428 esse,
989 2353 1075 2435 quod
1088 2349 1176 2415 unda
1193 2360 1249 2414 est.

246 2440 395 2525 adstupet
411 2439 479 2525 ipse
497 2439 557 2503 sibi
574 2439 726 2520 vultuque
743 2438 893 2501 immotus
911 2437 1023 2502 eodem

246 2525 365 2601 haeret,
382 2536 418 2588 ut
435 2547 453 2589 e
470 2523 566 2588 Pario
584 2522 755 2587 formatum
772 2543 928 2586 marmore
945 2521 1081 2606 signum.
1122 2605 1129 2620 ι

177 2633 228 2682 420
246 2621 368 2696 spectat
384 2609 474 2673 humi
490 2609 612 2694 positus
629 2608 792 2693 geminum
809 2643 835 2652 -
852 2629 910 2671 sua
926 2605 1046 2670 lumina
1063 2643 1089 2651 -
1105 2605 1204 2684 s1dus,

246 2708 279 2761 et
295 2695 408 2779 dignos
426 2693 565 2770 Baccho,
583 2693 696 2779 dignos
715 2704 745 2758 00
762 2691 913 2777 Apolline
930 2691 1042 2767 crines,

245 2781 455 2866 impubesque
471 2802 570 2865 genas
588 2792 621 2844 et
637 2777 777 2845 eburnea
795 2777 875 2842 colla
892 2776 1051 2861 decusque

246 2866 309 2931 oria
327 2865 408 2930 etin
425 2866 518 2931 niveo
535 2864 670 2929 mixtum
688 2865 825 2929 candore
841 2863 1000 2939 ruborem,

246 2962 423 3034 cunctaque
440 2950 581 3027 miratur,
598 2949 714 3033 quibus
732 2961 780 3016 est
796 2948 949 3013 mirabilis
966 2948 1043 3034 ipse.

178 3060 228 3108 425
247 3060 281 3102 se
299 3037 386 3122 cupit
402 3035 600 3121 imprudens,
618 3046 650 3101 et
667 3034 722 3119 qui
739 3035 862 3120 probat,
880 3034 948 3119 ipse
965 3034 1126 3118 probatur,

246 3124 386 3205 dumque
402 3122 496 3207 petit,
514 3122 640 3208 petitur,
657 3121 836 3205 pariterque
854 3120 997 3185 accendit
1014 3129 1045 3183 et
1063 3119 1160 3184 ardet.

245 3208 333 3273 irrita
349 3207 455 3272 fallaci
471 3206 616 3290 quotiens
635 3206 721 3271 dedit
738 3206 846 3270 oscula
863 3204 956 3269 sontii

245 3295 278 3358 in
295 3293 408 3358 mediis
433 3292 578 3375 quotiens
595 3291 698 3355 visum
717 3290 877 3376 captantia
893 3289 1008 3353 collum

245 3378 394 3444 bracchia
409 3378 518 3442 mersit
534 3378 622 3460 aquis
649 3397 710 3441 nec
726 3399 760 3441 se
778 3374 943 3460 deprendit
959 3374 992 3437 in
1008 3373 1085 3439 111101

178 3489 229 3535 400
246 3464 322 3548 quid
340 3464 461 3539 videat,
478 3463 588 3528 nescit.
631 3462 688 3526 sed
705 3461 791 3545 quod
810 3460 908 3535 videt,
925 3459 1028 3524 uritur
1044 3460 1109 3536 1110,

246 3561 342 3632 atque
360 3549 467 3613 oculos
484 3548 585 3623 idem,
602 3546 657 3631 qui
674 3546 805 3631 decipit,
822 3544 932 3609 incitat
949 3566 1045 3611 error.

246 3634 386 3709 credule,
404 3633 480 3717 quid
497 3633 614 3697 frustra
631 3632 798 3696 simulacra
814 3630 943 3715 fugacia
959 3630 1086 3715 captas?

246 3718 332 3803 quod
349 3717 443 3802 petis,
461 3729 509 3783 est
525 3739 695 3800 nusquam:
714 3717 799 3800 quod
817 3737 919 3791 amas,
935 3727 1091 3792 avertere,
1109 3713 1234 3800 perdes!

246 3804 306 3868 ista
321 3824 539 3887 repercussae,
557 3824 652 3886 quam
671 3801 788 3877 cernis,
805 3800 951 3886 imaginis
968 3801 1082 3865 umbra
1098 3811 1160 3866 00οε

178 3912 228 3960 4³5
245 3889 290 3953 nil
306 3887 402 3953 habet
419 3887 479 3952 ista
496 3888 560 3963 sui3
579 3901 684 3953 tecum
701 3887 850 3970 venitque
866 3897 1049 3971 manetque3

246 3986 350 4040 tecum
368 3972 521 4049 discedet,
539 3972 565 4037 si
583 3984 618 4037 tu
636 3971 798 4037 discedere
815 3972 926 4058 possis.

244 4082 309 4128 uon
326 4059 415 4123 illum
434 4054 573 4135 Cereris,
592 4080 654 4122 non
671 4058 761 4138 illum
779 4080 855 4124 cura
871 4057 986 4144 quietis
