<?xml version="1.0" encoding="UTF-8"?>
<!DOCTYPE html PUBLIC "-//W3C//DTD XHTML 1.0 Transitional//EN"
    "http://www.w3.org/TR/xhtml1/DTD/xhtml1-transitional.dtd">
<html xmlns="http://www.w3.org/1999/xhtml" xml:lang="en" lang="en">
 <head>
  <title>
</title>
<meta http-equiv="Content-Type" content="text/html;charset=utf-8" />
  <meta name='ocr-system' content='tesseract 3.04.00' />
  <meta name='ocr-capabilities' content='ocr_page ocr_carea ocr_par ocr_line ocrx_word'/>
</head>
<body>
  <div class='ocr_page' id='page_1' title='image "./povidiinasonisc00unkngoog_0300.png"; bbox 0 0 2800 4500; ppageno 0'>
   <div class='ocr_carea' id='block_1_1' title="bbox 250 257 974 345">
    <p class='ocr_par' dir='ltr' id='par_1_1' title="bbox 250 257 974 345">
     <span class='ocr_line' id='line_1_1' title="bbox 250 257 974 345; baseline 0.006 -6"><span class='ocrx_word' id='word_1_1' title='bbox 250 269 311 340; x_wconf 84' lang='lat'><strong>198</strong></span> <span class='ocrx_word' id='word_1_2' title='bbox 580 285 614 342; x_wconf 83' lang='lat' dir='ltr'><strong>r.</strong></span> <span class='ocrx_word' id='word_1_3' title='bbox 633 285 758 345; x_wconf 80' lang='lat' dir='ltr'><strong>ovrnn</strong></span> <span class='ocrx_word' id='word_1_4' title='bbox 775 281 938 343; x_wconf 69' lang='lat' dir='ltr'><strong>ursolus</strong></span> <span class='ocrx_word' id='word_1_5' title='bbox 968 257 974 261; x_wconf 73' lang='grc'>’</span> 
     </span>
    </p>
   </div>
   <div class='ocr_carea' id='block_1_2' title="bbox 172 396 1174 3825">
    <p class='ocr_par' dir='ltr' id='par_1_2' title="bbox 241 396 1159 661">
     <span class='ocr_line' id='line_1_2' title="bbox 244 396 1088 488; baseline -0.005 -22"><span class='ocrx_word' id='word_1_6' title='bbox 244 396 325 486; x_wconf 83' lang='lat' dir='ltr'><strong>[llus</strong></span> <span class='ocrx_word' id='word_1_7' title='bbox 342 408 375 466; x_wconf 92' lang='lat' dir='ltr'><strong>et</strong></span> <span class='ocrx_word' id='word_1_8' title='bbox 391 399 569 467; x_wconf 78' lang='lat' dir='ltr'><strong>Assaracus</strong></span> <span class='ocrx_word' id='word_1_9' title='bbox 585 411 760 488; x_wconf 88' lang='lat' dir='ltr'><strong>raptusque</strong></span> <span class='ocrx_word' id='word_1_10' title='bbox 776 400 848 467; x_wconf 89' lang='lat' dir='ltr'><strong>Iovi</strong></span> <span class='ocrx_word' id='word_1_11' title='bbox 868 397 1088 486; x_wconf 85' lang='lat' dir='ltr'><strong>Ganymedes]</strong></span> 
     </span>
     <span class='ocr_line' id='line_1_3' title="bbox 243 489 1159 574; baseline 0.001 -19"><span class='ocrx_word' id='word_1_12' title='bbox 243 490 493 574; x_wconf 80' lang='lat' dir='ltr'>Laomedonque</span> <span class='ocrx_word' id='word_1_13' title='bbox 511 511 609 556; x_wconf 81' lang='lat' dir='ltr'><strong>senex</strong></span> <span class='ocrx_word' id='word_1_14' title='bbox 625 490 838 573; x_wconf 83' lang='lat' dir='ltr'><strong>Priamusque</strong></span> <span class='ocrx_word' id='word_1_15' title='bbox 854 489 1026 554; x_wconf 85' lang='lat' dir='ltr'><strong>novissima</strong></span> <span class='ocrx_word' id='word_1_16' title='bbox 1042 489 1159 556; x_wconf 84' lang='lat' dir='ltr'><strong>Troiae</strong></span> 
     </span>
     <span class='ocr_line' id='line_1_4' title="bbox 241 574 1018 661; baseline 0.001 -23"><span class='ocrx_word' id='word_1_17' title='bbox 241 586 385 661; x_wconf 88' lang='lat' dir='ltr'><strong>tempora</strong></span> <span class='ocrx_word' id='word_1_18' title='bbox 403 575 541 640; x_wconf 90' lang='lat' dir='ltr'><strong>sortitus.</strong></span> <span class='ocrx_word' id='word_1_19' title='bbox 584 575 683 639; x_wconf 84' lang='lat' dir='ltr'><strong>frater</strong></span> <span class='ocrx_word' id='word_1_20' title='bbox 699 574 761 640; x_wconf 80' lang='lat' dir='ltr'><strong>fuit</strong></span> <span class='ocrx_word' id='word_1_21' title='bbox 777 574 927 640; x_wconf 82' lang='lat' dir='ltr'><strong>Hectoris</strong></span> <span class='ocrx_word' id='word_1_22' title='bbox 943 575 1018 640; x_wconf 86' lang='lat' dir='ltr'><strong>iste:</strong></span> 
     </span>
    </p>

    <p class='ocr_par' dir='ltr' id='par_1_3' title="bbox 241 659 1001 746">
     <span class='ocr_line' id='line_1_5' title="bbox 241 659 1001 746; baseline 0.001 -21"><span class='ocrx_word' id='word_1_23' title='bbox 241 661 296 743; x_wconf 92' lang='lat' dir='ltr'><strong>qui</strong></span> <span class='ocrx_word' id='word_1_24' title='bbox 312 660 374 726; x_wconf 89' lang='lat' dir='ltr'><strong>nisi</strong></span> <span class='ocrx_word' id='word_1_25' title='bbox 392 661 540 726; x_wconf 83' lang='lat' dir='ltr'><strong>sensisset</strong></span> <span class='ocrx_word' id='word_1_26' title='bbox 557 661 661 746; x_wconf 90' lang='lat' dir='ltr'><strong>prima</strong></span> <span class='ocrx_word' id='word_1_27' title='bbox 677 682 762 726; x_wconf 86' lang='lat' dir='ltr'><strong>nova</strong></span> <span class='ocrx_word' id='word_1_28' title='bbox 778 661 845 725; x_wconf 88' lang='lat' dir='ltr'><strong>fata</strong></span> <span class='ocrx_word' id='word_1_29' title='bbox 861 659 1001 738; x_wconf 88' lang='lat' dir='ltr'><strong>iuventa,</strong></span> 
     </span>
    </p>

    <p class='ocr_par' dir='ltr' id='par_1_4' title="bbox 172 745 1056 1170">
     <span class='ocr_line' id='line_1_6' title="bbox 172 745 1056 824; baseline 0.002 -15"><span class='ocrx_word' id='word_1_30' title='bbox 172 765 223 815; x_wconf 85' lang='grc'><strong>700</strong></span> <span class='ocrx_word' id='word_1_31' title='bbox 240 745 373 811; x_wconf 80' lang='lat' dir='ltr'><strong>forsitan</strong></span> <span class='ocrx_word' id='word_1_32' title='bbox 389 745 521 811; x_wconf 84' lang='lat' dir='ltr'><strong>inferius</strong></span> <span class='ocrx_word' id='word_1_33' title='bbox 539 768 602 809; x_wconf 92' lang='lat' dir='ltr'><strong>nou</strong></span> <span class='ocrx_word' id='word_1_34' title='bbox 620 747 760 811; x_wconf 87' lang='lat' dir='ltr'><strong>Hectore</strong></span> <span class='ocrx_word' id='word_1_35' title='bbox 777 767 894 810; x_wconf 91' lang='lat' dir='ltr'><strong>nomen</strong></span> <span class='ocrx_word' id='word_1_36' title='bbox 911 745 1056 824; x_wconf 77' lang='lat' dir='ltr'><strong>haberet3</strong></span> 
     </span>
     <span class='ocr_line' id='line_1_7' title="bbox 241 830 990 917; baseline -0.001 -21"><span class='ocrx_word' id='word_1_37' title='bbox 241 831 386 915; x_wconf 87' lang='lat' dir='ltr'><strong>quamvis</strong></span> <span class='ocrx_word' id='word_1_38' title='bbox 404 842 452 896; x_wconf 91' lang='lat' dir='ltr'><strong>est</strong></span> <span class='ocrx_word' id='word_1_39' title='bbox 469 831 558 895; x_wconf 92' lang='lat' dir='ltr'><strong>illum</strong></span> <span class='ocrx_word' id='word_1_40' title='bbox 575 831 681 917; x_wconf 88' lang='lat' dir='ltr'><strong>proles</strong></span> <span class='ocrx_word' id='word_1_41' title='bbox 698 830 793 896; x_wconf 87' lang='lat' dir='ltr'><strong>enixa</strong></span> <span class='ocrx_word' id='word_1_42' title='bbox 810 831 990 916; x_wconf 81' lang='lat' dir='ltr'><strong>Dymantis,</strong></span> 
     </span>
     <span class='ocr_line' id='line_1_8' title="bbox 240 915 1017 1002; baseline 0 -22"><span class='ocrx_word' id='word_1_43' title='bbox 240 916 390 982; x_wconf 86' lang='lat' dir='ltr'><strong>Aesacon</strong></span> <span class='ocrx_word' id='word_1_44' title='bbox 407 916 558 982; x_wconf 91' lang='lat' dir='ltr'><strong>umbrosa</strong></span> <span class='ocrx_word' id='word_1_45' title='bbox 574 916 684 981; x_wconf 82' lang='lat' dir='ltr'><strong>furtim</strong></span> <span class='ocrx_word' id='word_1_46' title='bbox 701 917 861 1002; x_wconf 86' lang='lat' dir='ltr'><strong>peperisse</strong></span> <span class='ocrx_word' id='word_1_47' title='bbox 880 915 940 982; x_wconf 88' lang='lat' dir='ltr'><strong>sub</strong></span> <span class='ocrx_word' id='word_1_48' title='bbox 957 917 1017 981; x_wconf 88' lang='lat' dir='ltr'><strong>Ida</strong></span> 
     </span>
     <span class='ocr_line' id='line_1_9' title="bbox 240 999 932 1068; baseline 0.003 -3"><span class='ocrx_word' id='word_1_49' title='bbox 240 1001 341 1067; x_wconf 87' lang='lat' dir='ltr'><strong>fertur</strong></span> <span class='ocrx_word' id='word_1_50' title='bbox 357 1001 532 1068; x_wconf 84' lang='lat' dir='ltr'><strong>Alexirho&#39;e&#39;</strong></span> <span class='ocrx_word' id='word_1_51' title='bbox 550 999 690 1068; x_wconf 85' lang='lat' dir='ltr'><strong>Granico</strong></span> <span class='ocrx_word' id='word_1_52' title='bbox 707 1013 784 1067; x_wconf 85' lang='lat' dir='ltr'><strong>nata</strong></span> <span class='ocrx_word' id='word_1_53' title='bbox 800 1002 932 1067; x_wconf 87' lang='lat' dir='ltr'><strong>bicorni.</strong></span> 
     </span>
     <span class='ocr_line' id='line_1_10' title="bbox 241 1087 1019 1170; baseline -0.001 -18"><span class='ocrx_word' id='word_1_54' title='bbox 241 1087 351 1154; x_wconf 87' lang='lat' dir='ltr'><strong>oderat</strong></span> <span class='ocrx_word' id='word_1_55' title='bbox 367 1087 419 1153; x_wconf 89' lang='lat' dir='ltr'><strong>hic</strong></span> <span class='ocrx_word' id='word_1_56' title='bbox 436 1087 532 1153; x_wconf 89' lang='lat' dir='ltr'><strong>urbes</strong></span> <span class='ocrx_word' id='word_1_57' title='bbox 548 1087 712 1170; x_wconf 89' lang='lat' dir='ltr'><strong>nitidaque</strong></span> <span class='ocrx_word' id='word_1_58' title='bbox 729 1098 868 1153; x_wconf 89' lang='lat' dir='ltr'><strong>remotus</strong></span> <span class='ocrx_word' id='word_1_59' title='bbox 886 1087 927 1152; x_wconf 90' lang='lat' dir='ltr'><strong>ab</strong></span> <span class='ocrx_word' id='word_1_60' title='bbox 945 1088 1019 1152; x_wconf 86' lang='lat' dir='ltr'><strong>aula</strong></span> 
     </span>
    </p>

    <p class='ocr_par' dir='ltr' id='par_1_5' title="bbox 174 1172 1111 1616">
     <span class='ocr_line' id='line_1_11' title="bbox 174 1172 929 1243; baseline -0.007 0"><span class='ocrx_word' id='word_1_61' title='bbox 174 1193 223 1243; x_wconf 80' lang='grc'><strong>700</strong></span> <span class='ocrx_word' id='word_1_62' title='bbox 241 1183 378 1239; x_wconf 87' lang='lat' dir='ltr'><strong>secretos</strong></span> <span class='ocrx_word' id='word_1_63' title='bbox 396 1184 520 1238; x_wconf 85' lang='lat' dir='ltr'><strong>montes</strong></span> <span class='ocrx_word' id='word_1_64' title='bbox 537 1183 569 1239; x_wconf 88' lang='lat' dir='ltr'><strong>et</strong></span> <span class='ocrx_word' id='word_1_65' title='bbox 585 1172 788 1238; x_wconf 86' lang='lat' dir='ltr'><strong>inambitiosa</strong></span> <span class='ocrx_word' id='word_1_66' title='bbox 805 1173 929 1239; x_wconf 91' lang='lat' dir='ltr'><strong>colebat</strong></span> 
     </span>
     <span class='ocr_line' id='line_1_12' title="bbox 239 1258 987 1336; baseline 0 -13"><span class='ocrx_word' id='word_1_67' title='bbox 239 1270 335 1336; x_wconf 76' lang='lat' dir='ltr'><strong>rura‚&#39;</strong></span> <span class='ocrx_word' id='word_1_68' title='bbox 345 1280 405 1325; x_wconf 90' lang='lat' dir='ltr'><strong>nec</strong></span> <span class='ocrx_word' id='word_1_69' title='bbox 421 1258 537 1324; x_wconf 88' lang='lat' dir='ltr'><strong>Iliacos</strong></span> <span class='ocrx_word' id='word_1_70' title='bbox 555 1270 664 1323; x_wconf 89' lang='lat' dir='ltr'><strong>coetus</strong></span> <span class='ocrx_word' id='word_1_71' title='bbox 681 1258 744 1323; x_wconf 89' lang='lat' dir='ltr'><strong>nisi</strong></span> <span class='ocrx_word' id='word_1_72' title='bbox 761 1281 851 1324; x_wconf 87' lang='lat' dir='ltr'><strong>rarus</strong></span> <span class='ocrx_word' id='word_1_73' title='bbox 869 1259 987 1324; x_wconf 78' lang='lat' dir='ltr'><strong>adibat</strong></span> 
     </span>
     <span class='ocr_line' id='line_1_13' title="bbox 239 1343 1043 1430; baseline 0 -21"><span class='ocrx_word' id='word_1_74' title='bbox 239 1366 304 1409; x_wconf 91' lang='lat' dir='ltr'><strong>non</strong></span> <span class='ocrx_word' id='word_1_75' title='bbox 321 1355 446 1430; x_wconf 85' lang='lat' dir='ltr'><strong>agreste</strong></span> <span class='ocrx_word' id='word_1_76' title='bbox 464 1355 571 1409; x_wconf 88' lang='lat' dir='ltr'><strong>tamen</strong></span> <span class='ocrx_word' id='word_1_77' title='bbox 587 1366 647 1411; x_wconf 90' lang='lat' dir='ltr'><strong>nec</strong></span> <span class='ocrx_word' id='word_1_78' title='bbox 663 1343 912 1430; x_wconf 86' lang='lat' dir='ltr'><strong>inexpugnabile</strong></span> <span class='ocrx_word' id='word_1_79' title='bbox 928 1343 1043 1409; x_wconf 88' lang='lat' dir='ltr'><strong>Amori</strong></span> 
     </span>
     <span class='ocr_line' id='line_1_14' title="bbox 240 1429 1111 1517; baseline 0.002 -23"><span class='ocrx_word' id='word_1_80' title='bbox 240 1441 353 1515; x_wconf 88' lang='lat' dir='ltr'><strong>pectus</strong></span> <span class='ocrx_word' id='word_1_81' title='bbox 369 1429 506 1506; x_wconf 85' lang='lat' dir='ltr'><strong>babens,</strong></span> <span class='ocrx_word' id='word_1_82' title='bbox 524 1430 620 1494; x_wconf 86' lang='lat' dir='ltr'><strong>silvas</strong></span> <span class='ocrx_word' id='word_1_83' title='bbox 638 1440 796 1515; x_wconf 84' lang='lat' dir='ltr'><strong>captatam</strong></span> <span class='ocrx_word' id='word_1_84' title='bbox 815 1452 910 1515; x_wconf 88' lang='lat' dir='ltr'><strong>saepe</strong></span> <span class='ocrx_word' id='word_1_85' title='bbox 926 1452 985 1517; x_wconf 91' lang='lat' dir='ltr'><strong>per</strong></span> <span class='ocrx_word' id='word_1_86' title='bbox 1002 1452 1111 1496; x_wconf 88' lang='lat' dir='ltr'><strong>omnes</strong></span> 
     </span>
     <span class='ocr_line' id='line_1_15' title="bbox 240 1512 966 1616; baseline 0.003 -38"><span class='ocrx_word' id='word_1_87' title='bbox 240 1515 355 1616; x_wconf 89' lang='lat' dir='ltr'><strong>aspicit</strong></span> <span class='ocrx_word' id='word_1_88' title='bbox 371 1515 550 1600; x_wconf 81' lang='lat' dir='ltr'><strong>Hesperien</strong></span> <span class='ocrx_word' id='word_1_89' title='bbox 567 1513 671 1600; x_wconf 90' lang='lat' dir='ltr'><strong>patria</strong></span> <span class='ocrx_word' id='word_1_90' title='bbox 688 1512 870 1580; x_wconf 87' lang='lat' dir='ltr'><strong>Cebrenida</strong></span> <span class='ocrx_word' id='word_1_91' title='bbox 886 1515 966 1602; x_wconf 87' lang='lat' dir='ltr'><strong>ripa,</strong></span> 
     </span>
    </p>

    <p class='ocr_par' dir='ltr' id='par_1_6' title="bbox 173 1599 1080 2029">
     <span class='ocr_line' id='line_1_16' title="bbox 173 1599 935 1701; baseline -0.008 -29"><span class='ocrx_word' id='word_1_92' title='bbox 173 1622 223 1672; x_wconf 89' lang='grc'><strong>770</strong></span> <span class='ocrx_word' id='word_1_93' title='bbox 239 1600 371 1666; x_wconf 76' lang='lat' dir='ltr'><strong>iniectos</strong></span> <span class='ocrx_word' id='word_1_94' title='bbox 388 1599 506 1665; x_wconf 87' lang='lat' dir='ltr'><strong>umeris</strong></span> <span class='ocrx_word' id='word_1_95' title='bbox 524 1600 694 1666; x_wconf 89' lang='lat' dir='ltr'><strong>siccantem</strong></span> <span class='ocrx_word' id='word_1_96' title='bbox 712 1601 777 1665; x_wconf 90' lang='lat' dir='ltr'><strong>sole</strong></span> <span class='ocrx_word' id='word_1_97' title='bbox 795 1601 935 1701; x_wconf 88' lang='lat' dir='ltr'><strong>capillos.</strong></span> 
     </span>
     <span class='ocr_line' id='line_1_17' title="bbox 239 1685 1018 1837; baseline 0.001 -87"><span class='ocrx_word' id='word_1_98' title='bbox 239 1685 309 1750; x_wconf 87' lang='lat' dir='ltr'><strong>visa</strong></span> <span class='ocrx_word' id='word_1_99' title='bbox 325 1685 409 1772; x_wconf 87' lang='lat' dir='ltr'><strong>fugit</strong></span> <span class='ocrx_word' id='word_1_100' title='bbox 425 1685 579 1837; x_wconf 85' lang='lat' dir='ltr'><strong>nymphe,</strong></span> <span class='ocrx_word' id='word_1_101' title='bbox 596 1685 695 1752; x_wconf 81' lang='lat' dir='ltr'><strong>veluti</strong></span> <span class='ocrx_word' id='word_1_102' title='bbox 712 1696 878 1770; x_wconf 85' lang='lat' dir='ltr'><strong>pertemta</strong></span> <span class='ocrx_word' id='word_1_103' title='bbox 893 1686 1018 1752; x_wconf 88' lang='lat' dir='ltr'><strong>fulvum</strong></span> 
     </span>
     <span class='ocr_line' id='line_1_18' title="bbox 240 1771 1040 1858; baseline 0.001 -22"><span class='ocrx_word' id='word_1_104' title='bbox 240 1793 334 1836; x_wconf 88' lang='lat' dir='ltr'><strong>cerva</strong></span> <span class='ocrx_word' id='word_1_105' title='bbox 349 1771 476 1856; x_wconf 91' lang='lat' dir='ltr'><strong>lupum,</strong></span> <span class='ocrx_word' id='word_1_106' title='bbox 513 1793 636 1858; x_wconf 86' lang='lat' dir='ltr'><strong>ongeve</strong></span> <span class='ocrx_word' id='word_1_107' title='bbox 662 1772 735 1838; x_wconf 91' lang='lat' dir='ltr'><strong>lacu</strong></span> <span class='ocrx_word' id='word_1_108' title='bbox 759 1772 915 1858; x_wconf 88' lang='lat' dir='ltr'><strong>deprensa</strong></span> <span class='ocrx_word' id='word_1_109' title='bbox 931 1772 1040 1838; x_wconf 90' lang='lat' dir='ltr'><strong>relicto</strong></span> 
     </span>
     <span class='ocr_line' id='line_1_19' title="bbox 241 1856 1064 1942; baseline 0 -20"><span class='ocrx_word' id='word_1_110' title='bbox 241 1856 422 1942; x_wconf 89' lang='lat' dir='ltr'><strong>accipitrem</strong></span> <span class='ocrx_word' id='word_1_111' title='bbox 438 1857 574 1922; x_wconf 86' lang='lat' dir='ltr'><strong>fluvialis</strong></span> <span class='ocrx_word' id='word_1_112' title='bbox 592 1877 679 1922; x_wconf 87' lang='lat' dir='ltr'><strong>anas.</strong></span> <span class='ocrx_word' id='word_1_113' title='bbox 724 1879 821 1942; x_wconf 89' lang='lat' dir='ltr'><strong>quam</strong></span> <span class='ocrx_word' id='word_1_114' title='bbox 837 1857 954 1923; x_wconf 86' lang='lat' dir='ltr'><strong>Tro&#39;r&#39;us</strong></span> <span class='ocrx_word' id='word_1_115' title='bbox 970 1856 1064 1923; x_wconf 90' lang='lat' dir='ltr'><strong>heros</strong></span> 
     </span>
     <span class='ocr_line' id='line_1_20' title="bbox 239 1942 1080 2029; baseline 0.004 -22"><span class='ocrx_word' id='word_1_116' title='bbox 239 1942 416 2028; x_wconf 88' lang='lat' dir='ltr'><strong>insequitur</strong></span> <span class='ocrx_word' id='word_1_117' title='bbox 433 1943 631 2026; x_wconf 86' lang='lat' dir='ltr'><strong>celeremque</strong></span> <span class='ocrx_word' id='word_1_118' title='bbox 646 1952 735 2008; x_wconf 91' lang='lat' dir='ltr'><strong>metu</strong></span> <span class='ocrx_word' id='word_1_119' title='bbox 753 1943 837 2009; x_wconf 89' lang='lat' dir='ltr'><strong>celer</strong></span> <span class='ocrx_word' id='word_1_120' title='bbox 852 1956 946 2029; x_wconf 90' lang='lat' dir='ltr'><strong>urget</strong></span> <span class='ocrx_word' id='word_1_121' title='bbox 963 1965 1080 2010; x_wconf 86' lang='lat' dir='ltr'><strong>amore.</strong></span> 
     </span>
    </p>

    <p class='ocr_par' dir='ltr' id='par_1_7' title="bbox 173 2026 1136 2456">
     <span class='ocr_line' id='line_1_21' title="bbox 173 2026 1008 2114; baseline -0.005 -17"><span class='ocrx_word' id='word_1_122' title='bbox 173 2048 222 2097; x_wconf 81' lang='grc'><strong>770</strong></span> <span class='ocrx_word' id='word_1_123' title='bbox 241 2049 316 2094; x_wconf 86' lang='grc'><strong>0000</strong></span> <span class='ocrx_word' id='word_1_124' title='bbox 332 2029 433 2093; x_wconf 90' lang='lat' dir='ltr'><strong>latens</strong></span> <span class='ocrx_word' id='word_1_125' title='bbox 450 2026 550 2093; x_wconf 89' lang='lat' dir='ltr'><strong>herba</strong></span> <span class='ocrx_word' id='word_1_126' title='bbox 568 2028 697 2093; x_wconf 88' lang='lat' dir='ltr'><strong>coluber</strong></span> <span class='ocrx_word' id='word_1_127' title='bbox 714 2028 866 2114; x_wconf 85' lang='lat' dir='ltr'><strong>fugientis</strong></span> <span class='ocrx_word' id='word_1_128' title='bbox 884 2029 1008 2094; x_wconf 87' lang='lat' dir='ltr'><strong>adunco</strong></span> 
     </span>
     <span class='ocr_line' id='line_1_22' title="bbox 241 2112 1093 2215; baseline 0.004 -38"><span class='ocrx_word' id='word_1_129' title='bbox 241 2113 335 2180; x_wconf 90' lang='lat' dir='ltr'><strong>dente</strong></span> <span class='ocrx_word' id='word_1_130' title='bbox 352 2114 467 2215; x_wconf 88' lang='lat' dir='ltr'><strong>pedem</strong></span> <span class='ocrx_word' id='word_1_131' title='bbox 483 2112 609 2179; x_wconf 86' lang='lat' dir='ltr'><strong>strinxit</strong></span> <span class='ocrx_word' id='word_1_132' title='bbox 625 2113 776 2198; x_wconf 88' lang='lat' dir='ltr'><strong>virusque</strong></span> <span class='ocrx_word' id='word_1_133' title='bbox 793 2114 827 2179; x_wconf 91' lang='lat' dir='ltr'><strong>in</strong></span> <span class='ocrx_word' id='word_1_134' title='bbox 844 2135 974 2200; x_wconf 86' lang='lat' dir='ltr'><strong>corpore</strong></span> <span class='ocrx_word' id='word_1_135' title='bbox 991 2114 1093 2200; x_wconf 91' lang='lat' dir='ltr'><strong>liquit.</strong></span> 
     </span>
     <span class='ocr_line' id='line_1_23' title="bbox 241 2198 1128 2350; baseline 0 -84"><span class='ocrx_word' id='word_1_136' title='bbox 241 2221 314 2266; x_wconf 93' lang='lat' dir='ltr'><strong>cum</strong></span> <span class='ocrx_word' id='word_1_137' title='bbox 331 2210 398 2266; x_wconf 79' lang='lat' dir='ltr'><strong>vita</strong></span> <span class='ocrx_word' id='word_1_138' title='bbox 415 2221 585 2350; x_wconf 86' lang='lat' dir='ltr'><strong>suppressa</strong></span> <span class='ocrx_word' id='word_1_139' title='bbox 601 2198 681 2285; x_wconf 87' lang='lat' dir='ltr'><strong>fuga</strong></span> <span class='ocrx_word' id='word_1_140' title='bbox 698 2210 756 2266; x_wconf 89' lang='lat' dir='ltr'><strong>est.</strong></span> <span class='ocrx_word' id='word_1_141' title='bbox 800 2199 1002 2287; x_wconf 88' lang='lat' dir='ltr'><strong>amplectitur</strong></span> <span class='ocrx_word' id='word_1_142' title='bbox 1019 2223 1128 2266; x_wconf 89' lang='lat' dir='ltr'><strong>amens</strong></span> 
     </span>
     <span class='ocr_line' id='line_1_24' title="bbox 240 2286 1131 2373; baseline 0.001 -23"><span class='ocrx_word' id='word_1_143' title='bbox 240 2286 418 2351; x_wconf 88' lang='lat' dir='ltr'><strong>exanimem</strong></span> <span class='ocrx_word' id='word_1_144' title='bbox 437 2296 615 2371; x_wconf 88' lang='lat' dir='ltr'><strong>camatque</strong></span> <span class='ocrx_word' id='word_1_145' title='bbox 633 2286 761 2373; x_wconf 87' lang='lat' dir='ltr'><strong>“piget,</strong></span> <span class='ocrx_word' id='word_1_146' title='bbox 778 2286 867 2373; x_wconf 87' lang='lat' dir='ltr'><strong>piget</strong></span> <span class='ocrx_word' id='word_1_147' title='bbox 884 2308 954 2351; x_wconf 88' lang='lat' dir='ltr'><strong>esse</strong></span> <span class='ocrx_word' id='word_1_148' title='bbox 971 2298 1131 2351; x_wconf 75' lang='lat' dir='ltr'><strong>secutumz</strong></span> 
     </span>
     <span class='ocr_line' id='line_1_25' title="bbox 241 2371 1136 2456; baseline 0.003 -20"><span class='ocrx_word' id='word_1_149' title='bbox 241 2372 298 2436; x_wconf 93' lang='lat' dir='ltr'><strong>sed</strong></span> <span class='ocrx_word' id='word_1_150' title='bbox 315 2393 380 2436; x_wconf 91' lang='lat' dir='ltr'><strong>non</strong></span> <span class='ocrx_word' id='word_1_151' title='bbox 396 2371 458 2436; x_wconf 93' lang='lat' dir='ltr'><strong>hoc</strong></span> <span class='ocrx_word' id='word_1_152' title='bbox 475 2371 581 2449; x_wconf 89' lang='lat' dir='ltr'><strong>timui,</strong></span> <span class='ocrx_word' id='word_1_153' title='bbox 599 2393 705 2456; x_wconf 90' lang='lat' dir='ltr'><strong>neque</strong></span> <span class='ocrx_word' id='word_1_154' title='bbox 722 2384 789 2438; x_wconf 88' lang='lat' dir='ltr'><strong>erat</strong></span> <span class='ocrx_word' id='word_1_155' title='bbox 805 2374 883 2438; x_wconf 91' lang='lat' dir='ltr'><strong>mibi</strong></span> <span class='ocrx_word' id='word_1_156' title='bbox 901 2375 1029 2439; x_wconf 89' lang='lat' dir='ltr'><strong>vincere</strong></span> <span class='ocrx_word' id='word_1_157' title='bbox 1047 2372 1136 2439; x_wconf 87' lang='lat' dir='ltr'><strong>tanti.</strong></span> 
     </span>
    </p>

    <p class='ocr_par' dir='ltr' id='par_1_8' title="bbox 173 2455 1145 2885">
     <span class='ocr_line' id='line_1_26' title="bbox 173 2455 1145 2542; baseline -0.007 -15"><span class='ocrx_word' id='word_1_158' title='bbox 173 2477 223 2527; x_wconf 84' lang='grc'><strong>780</strong></span> <span class='ocrx_word' id='word_1_159' title='bbox 240 2457 434 2542; x_wconf 87' lang='lat' dir='ltr'><strong>perdidimus</strong></span> <span class='ocrx_word' id='word_1_160' title='bbox 451 2456 599 2522; x_wconf 87' lang='lat' dir='ltr'><strong>miseram</strong></span> <span class='ocrx_word' id='word_1_161' title='bbox 615 2477 674 2521; x_wconf 89' lang='lat' dir='ltr'><strong>nos</strong></span> <span class='ocrx_word' id='word_1_162' title='bbox 691 2466 723 2521; x_wconf 90' lang='lat' dir='ltr'><strong>te</strong></span> <span class='ocrx_word' id='word_1_163' title='bbox 741 2455 819 2521; x_wconf 88' lang='lat' dir='ltr'><strong>duo:</strong></span> <span class='ocrx_word' id='word_1_164' title='bbox 836 2456 953 2521; x_wconf 81' lang='lat' dir='ltr'><strong>vulnus</strong></span> <span class='ocrx_word' id='word_1_165' title='bbox 970 2455 1012 2520; x_wconf 91' lang='lat' dir='ltr'><strong>ab</strong></span> <span class='ocrx_word' id='word_1_166' title='bbox 1029 2479 1145 2541; x_wconf 88' lang='lat' dir='ltr'><strong>angue,</strong></span> 
     </span>
     <span class='ocr_line' id='line_1_27' title="bbox 241 2541 1085 2642; baseline 0 -35"><span class='ocrx_word' id='word_1_167' title='bbox 241 2566 261 2607; x_wconf 90' lang='lat' dir='ltr'><strong>a</strong></span> <span class='ocrx_word' id='word_1_168' title='bbox 277 2565 328 2608; x_wconf 90' lang='lat' dir='ltr'><strong>me</strong></span> <span class='ocrx_word' id='word_1_169' title='bbox 346 2564 443 2608; x_wconf 87' lang='lat' dir='ltr'><strong>causa</strong></span> <span class='ocrx_word' id='word_1_170' title='bbox 460 2542 535 2607; x_wconf 89' lang='lat' dir='ltr'><strong>data</strong></span> <span class='ocrx_word' id='word_1_171' title='bbox 551 2552 609 2607; x_wconf 87' lang='lat' dir='ltr'><strong>est.</strong></span> <span class='ocrx_word' id='word_1_172' title='bbox 652 2563 713 2642; x_wconf 82' lang='lat' dir='ltr'><strong>ego</strong></span> <span class='ocrx_word' id='word_1_173' title='bbox 731 2564 803 2606; x_wconf 90' lang='lat' dir='ltr'><strong>sum</strong></span> <span class='ocrx_word' id='word_1_174' title='bbox 820 2542 1001 2607; x_wconf 89' lang='lat' dir='ltr'><strong>sceleratior</strong></span> <span class='ocrx_word' id='word_1_175' title='bbox 1016 2541 1085 2607; x_wconf 87' lang='lat' dir='ltr'><strong>illo:</strong></span> 
     </span>
     <span class='ocr_line' id='line_1_28' title="bbox 240 2626 1009 2710; baseline 0.001 -19"><span class='ocrx_word' id='word_1_176' title='bbox 240 2629 296 2710; x_wconf 91' lang='lat' dir='ltr'><strong>qui</strong></span> <span class='ocrx_word' id='word_1_177' title='bbox 313 2627 371 2693; x_wconf 90' lang='lat' dir='ltr'><strong>tibi</strong></span> <span class='ocrx_word' id='word_1_178' title='bbox 387 2638 488 2692; x_wconf 91' lang='lat' dir='ltr'><strong>morte</strong></span> <span class='ocrx_word' id='word_1_179' title='bbox 505 2650 578 2692; x_wconf 89' lang='lat' dir='ltr'><strong>mea</strong></span> <span class='ocrx_word' id='word_1_180' title='bbox 594 2638 704 2692; x_wconf 87' lang='lat' dir='ltr'><strong>mortrs</strong></span> <span class='ocrx_word' id='word_1_181' title='bbox 722 2627 839 2692; x_wconf 90' lang='lat' dir='ltr'><strong>solacia</strong></span> <span class='ocrx_word' id='word_1_182' title='bbox 855 2626 1009 2692; x_wconf 86' lang='lat' dir='ltr'><strong>mittam.’&#39;</strong></span> 
     </span>
     <span class='ocr_line' id='line_1_29' title="bbox 240 2712 1093 2799; baseline 0.001 -23"><span class='ocrx_word' id='word_1_183' title='bbox 240 2712 320 2778; x_wconf 84' lang='lat' dir='ltr'><strong>dixit</strong></span> <span class='ocrx_word' id='word_1_184' title='bbox 336 2723 369 2778; x_wconf 93' lang='lat' dir='ltr'><strong>et</strong></span> <span class='ocrx_word' id='word_1_185' title='bbox 385 2736 403 2779; x_wconf 91' lang='grc'><strong>0</strong></span> <span class='ocrx_word' id='word_1_186' title='bbox 421 2713 566 2799; x_wconf 89' lang='lat' dir='ltr'><strong>scopulo,</strong></span> <span class='ocrx_word' id='word_1_187' title='bbox 584 2735 679 2798; x_wconf 89' lang='lat' dir='ltr'><strong>quem</strong></span> <span class='ocrx_word' id='word_1_188' title='bbox 696 2734 794 2778; x_wconf 87' lang='lat' dir='ltr'><strong>rauca</strong></span> <span class='ocrx_word' id='word_1_189' title='bbox 811 2712 981 2780; x_wconf 87' lang='lat' dir='ltr'><strong>subederat</strong></span> <span class='ocrx_word' id='word_1_190' title='bbox 997 2713 1093 2791; x_wconf 88' lang='lat' dir='ltr'><strong>unda,</strong></span> 
     </span>
     <span class='ocr_line' id='line_1_30' title="bbox 240 2797 1102 2885; baseline -0.001 -22"><span class='ocrx_word' id='word_1_191' title='bbox 240 2822 274 2864; x_wconf 92' lang='lat' dir='ltr'><strong>se</strong></span> <span class='ocrx_word' id='word_1_192' title='bbox 293 2798 380 2864; x_wconf 88' lang='lat' dir='ltr'><strong>dedit</strong></span> <span class='ocrx_word' id='word_1_193' title='bbox 394 2799 429 2864; x_wconf 92' lang='lat' dir='ltr'><strong>in</strong></span> <span class='ocrx_word' id='word_1_194' title='bbox 445 2809 588 2885; x_wconf 89' lang='lat' dir='ltr'><strong>pontum.</strong></span> <span class='ocrx_word' id='word_1_195' title='bbox 631 2797 754 2884; x_wconf 85' lang='lat' dir='ltr'><strong>Tethys</strong></span> <span class='ocrx_word' id='word_1_196' title='bbox 771 2799 921 2864; x_wconf 88' lang='lat' dir='ltr'><strong>miserata</strong></span> <span class='ocrx_word' id='word_1_197' title='bbox 937 2798 1102 2864; x_wconf 87' lang='lat' dir='ltr'><strong>cadentem</strong></span> 
     </span>
    </p>

    <p class='ocr_par' dir='ltr' id='par_1_9' title="bbox 173 2884 1086 3313">
     <span class='ocr_line' id='line_1_31' title="bbox 173 2884 1086 2972; baseline -0.007 -18"><span class='ocrx_word' id='word_1_198' title='bbox 173 2904 222 2954; x_wconf 82' lang='grc'><strong>780</strong></span> <span class='ocrx_word' id='word_1_199' title='bbox 240 2884 376 2949; x_wconf 90' lang='lat' dir='ltr'><strong>molliter</strong></span> <span class='ocrx_word' id='word_1_200' title='bbox 393 2884 517 2969; x_wconf 80' lang='lat' dir='ltr'><strong>excepit</strong></span> <span class='ocrx_word' id='word_1_201' title='bbox 533 2896 726 2969; x_wconf 89' lang='lat' dir='ltr'><strong>nantemque</strong></span> <span class='ocrx_word' id='word_1_202' title='bbox 743 2907 801 2972; x_wconf 86' lang='lat' dir='ltr'><strong>per</strong></span> <span class='ocrx_word' id='word_1_203' title='bbox 818 2906 957 2969; x_wconf 89' lang='lat' dir='ltr'><strong>aequora</strong></span> <span class='ocrx_word' id='word_1_204' title='bbox 972 2884 1086 2969; x_wconf 89' lang='lat' dir='ltr'><strong>pennis</strong></span> 
     </span>
     <span class='ocr_line' id='line_1_32' title="bbox 240 2970 1011 3058; baseline 0.001 -24"><span class='ocrx_word' id='word_1_205' title='bbox 240 2970 332 3048; x_wconf 86' lang='lat' dir='ltr'><strong>texit3</strong></span> <span class='ocrx_word' id='word_1_206' title='bbox 351 2979 383 3036; x_wconf 92' lang='lat' dir='ltr'><strong>et</strong></span> <span class='ocrx_word' id='word_1_207' title='bbox 399 2980 526 3056; x_wconf 88' lang='lat' dir='ltr'><strong>optatae</strong></span> <span class='ocrx_word' id='word_1_208' title='bbox 544 2992 608 3035; x_wconf 92' lang='lat' dir='ltr'><strong>non</strong></span> <span class='ocrx_word' id='word_1_209' title='bbox 626 2981 674 3036; x_wconf 85' lang='lat' dir='ltr'><strong>est</strong></span> <span class='ocrx_word' id='word_1_210' title='bbox 691 2971 766 3035; x_wconf 86' lang='lat' dir='ltr'><strong>data</strong></span> <span class='ocrx_word' id='word_1_211' title='bbox 784 2970 875 3058; x_wconf 89' lang='lat' dir='ltr'><strong>copia</strong></span> <span class='ocrx_word' id='word_1_212' title='bbox 892 2970 1011 3035; x_wconf 84' lang='lat' dir='ltr'><strong>mortis.</strong></span> 
     </span>
     <span class='ocr_line' id='line_1_33' title="bbox 239 3054 944 3141; baseline 0.001 -21"><span class='ocrx_word' id='word_1_213' title='bbox 239 3054 425 3141; x_wconf 90' lang='lat' dir='ltr'><strong>indignatur</strong></span> <span class='ocrx_word' id='word_1_214' title='bbox 441 3078 566 3134; x_wconf 85' lang='lat' dir='ltr'><strong>amans,</strong></span> <span class='ocrx_word' id='word_1_215' title='bbox 583 3055 719 3122; x_wconf 87' lang='lat' dir='ltr'><strong>invitum</strong></span> <span class='ocrx_word' id='word_1_216' title='bbox 737 3055 844 3123; x_wconf 87' lang='lat' dir='ltr'><strong>vivere</strong></span> <span class='ocrx_word' id='word_1_217' title='bbox 861 3078 899 3121; x_wconf 91' lang='lat' dir='ltr'><strong>co</strong></span> <span class='ocrx_word' id='word_1_218' title='bbox 924 3056 944 3134; x_wconf 85' lang='lat'><strong>&#39;‚</strong></span> 
     </span>
     <span class='ocr_line' id='line_1_34' title="bbox 239 3140 980 3225; baseline -0.001 -19"><span class='ocrx_word' id='word_1_219' title='bbox 239 3143 421 3225; x_wconf 87' lang='lat' dir='ltr'><strong>obstarique</strong></span> <span class='ocrx_word' id='word_1_220' title='bbox 438 3141 562 3206; x_wconf 89' lang='lat' dir='ltr'><strong>animae</strong></span> <span class='ocrx_word' id='word_1_221' title='bbox 578 3140 695 3206; x_wconf 87' lang='lat' dir='ltr'><strong>misera</strong></span> <span class='ocrx_word' id='word_1_222' title='bbox 712 3141 752 3206; x_wconf 95' lang='lat' dir='ltr'><strong>de</strong></span> <span class='ocrx_word' id='word_1_223' title='bbox 770 3142 844 3207; x_wconf 90' lang='lat' dir='ltr'><strong>sede</strong></span> <span class='ocrx_word' id='word_1_224' title='bbox 861 3163 902 3206; x_wconf 83' lang='lat' dir='ltr'><strong>vo</strong></span> <span class='ocrx_word' id='word_1_225' title='bbox 915 3140 980 3207; x_wconf 91' lang='lat' dir='ltr'><strong>enti</strong></span> 
     </span>
     <span class='ocr_line' id='line_1_35' title="bbox 239 3226 1052 3313; baseline -0.002 -21"><span class='ocrx_word' id='word_1_226' title='bbox 239 3227 335 3293; x_wconf 87' lang='lat' dir='ltr'><strong>exire.</strong></span> <span class='ocrx_word' id='word_1_227' title='bbox 379 3238 478 3311; x_wconf 90' lang='lat' dir='ltr'><strong>utque</strong></span> <span class='ocrx_word' id='word_1_228' title='bbox 494 3249 592 3292; x_wconf 88' lang='lat' dir='ltr'><strong>novas</strong></span> <span class='ocrx_word' id='word_1_229' title='bbox 610 3226 727 3292; x_wconf 89' lang='lat' dir='ltr'><strong>umeris</strong></span> <span class='ocrx_word' id='word_1_230' title='bbox 745 3238 959 3313; x_wconf 87' lang='lat' dir='ltr'><strong>assumpserat</strong></span> <span class='ocrx_word' id='word_1_231' title='bbox 975 3227 1052 3303; x_wconf 86' lang='lat' dir='ltr'><strong>alas,</strong></span> 
     </span>
    </p>

    <p class='ocr_par' dir='ltr' id='par_1_10' title="bbox 172 3311 1174 3570">
     <span class='ocr_line' id='line_1_36' title="bbox 172 3311 1153 3399; baseline -0.005 -18"><span class='ocrx_word' id='word_1_232' title='bbox 172 3330 223 3381; x_wconf 77' lang='grc'><strong>700</strong></span> <span class='ocrx_word' id='word_1_233' title='bbox 240 3312 387 3377; x_wconf 89' lang='lat' dir='ltr'><strong>subvolat</strong></span> <span class='ocrx_word' id='word_1_234' title='bbox 404 3322 499 3397; x_wconf 91' lang='lat' dir='ltr'><strong>atque</strong></span> <span class='ocrx_word' id='word_1_235' title='bbox 515 3312 631 3377; x_wconf 89' lang='lat' dir='ltr'><strong>iterum</strong></span> <span class='ocrx_word' id='word_1_236' title='bbox 648 3334 763 3399; x_wconf 89' lang='lat' dir='ltr'><strong>corpus</strong></span> <span class='ocrx_word' id='word_1_237' title='bbox 782 3335 877 3397; x_wconf 89' lang='lat' dir='ltr'><strong>super</strong></span> <span class='ocrx_word' id='word_1_238' title='bbox 893 3334 1032 3396; x_wconf 88' lang='lat' dir='ltr'><strong>aequora</strong></span> <span class='ocrx_word' id='word_1_239' title='bbox 1048 3311 1153 3376; x_wconf 89' lang='lat' dir='ltr'><strong>mittit.</strong></span> 
     </span>
     <span class='ocr_line' id='line_1_37' title="bbox 239 3396 1174 3483; baseline -0.003 -20"><span class='ocrx_word' id='word_1_240' title='bbox 239 3399 348 3483; x_wconf 91' lang='lat' dir='ltr'><strong>pluma</strong></span> <span class='ocrx_word' id='word_1_241' title='bbox 364 3399 449 3463; x_wconf 86' lang='lat' dir='ltr'><strong>levat</strong></span> <span class='ocrx_word' id='word_1_242' title='bbox 467 3419 569 3462; x_wconf 88' lang='lat' dir='ltr'><strong>casus.</strong></span> <span class='ocrx_word' id='word_1_243' title='bbox 612 3396 690 3463; x_wconf 85' lang='lat' dir='ltr'><strong>furit</strong></span> <span class='ocrx_word' id='word_1_244' title='bbox 706 3397 849 3464; x_wconf 89' lang='lat' dir='ltr'><strong>Aesacos</strong></span> <span class='ocrx_word' id='word_1_245' title='bbox 866 3397 962 3482; x_wconf 90' lang='lat' dir='ltr'><strong>inque</strong></span> <span class='ocrx_word' id='word_1_246' title='bbox 979 3397 1174 3483; x_wconf 87' lang='lat' dir='ltr'><strong>profundum</strong></span> 
     </span>
     <span class='ocr_line' id='line_1_38' title="bbox 239 3482 1041 3570; baseline 0 -23"><span class='ocrx_word' id='word_1_247' title='bbox 239 3504 359 3568; x_wconf 89' lang='lat' dir='ltr'><strong>pronus</strong></span> <span class='ocrx_word' id='word_1_248' title='bbox 376 3484 443 3548; x_wconf 89' lang='lat' dir='ltr'><strong>abit</strong></span> <span class='ocrx_word' id='word_1_249' title='bbox 459 3482 577 3567; x_wconf 90' lang='lat' dir='ltr'><strong>letique</strong></span> <span class='ocrx_word' id='word_1_250' title='bbox 594 3482 679 3547; x_wconf 87' lang='lat' dir='ltr'><strong>viam</strong></span> <span class='ocrx_word' id='word_1_251' title='bbox 697 3483 765 3548; x_wconf 89' lang='lat' dir='ltr'><strong>sine</strong></span> <span class='ocrx_word' id='word_1_252' title='bbox 782 3483 845 3548; x_wconf 88' lang='lat' dir='ltr'><strong>fine</strong></span> <span class='ocrx_word' id='word_1_253' title='bbox 863 3493 1041 3570; x_wconf 87' lang='lat' dir='ltr'><strong>retemptat.</strong></span> 
     </span>
    </p>

    <p class='ocr_par' dir='ltr' id='par_1_11' title="bbox 186 3568 1088 3739">
     <span class='ocr_line' id='line_1_39' title="bbox 186 3568 1051 3654; baseline 0 -22"><span class='ocrx_word' id='word_1_254' title='bbox 186 3599 190 3608; x_wconf 89' lang='lat'><strong>·</strong></span> <span class='ocrx_word' id='word_1_255' title='bbox 228 3568 315 3633; x_wconf 72' lang='lat' dir='ltr'><strong>‘fecit</strong></span> <span class='ocrx_word' id='word_1_256' title='bbox 332 3589 421 3632; x_wconf 88' lang='lat' dir='ltr'><strong>amor</strong></span> <span class='ocrx_word' id='word_1_257' title='bbox 436 3568 585 3633; x_wconf 87' lang='lat' dir='ltr'><strong>maciem:</strong></span> <span class='ocrx_word' id='word_1_258' title='bbox 606 3568 702 3654; x_wconf 89' lang='lat' dir='ltr'><strong>longa</strong></span> <span class='ocrx_word' id='word_1_259' title='bbox 718 3568 896 3633; x_wconf 89' lang='lat' dir='ltr'><strong>internodia</strong></span> <span class='ocrx_word' id='word_1_260' title='bbox 913 3590 1051 3645; x_wconf 87' lang='lat' dir='ltr'><strong>crurum,</strong></span> 
     </span>
     <span class='ocr_line' id='line_1_40' title="bbox 239 3652 1088 3739; baseline 0 -22"><span class='ocrx_word' id='word_1_261' title='bbox 239 3652 336 3739; x_wconf 86' lang='lat' dir='ltr'><strong>longa</strong></span> <span class='ocrx_word' id='word_1_262' title='bbox 353 3665 461 3718; x_wconf 90' lang='lat' dir='ltr'><strong>manet</strong></span> <span class='ocrx_word' id='word_1_263' title='bbox 479 3654 601 3730; x_wconf 83' lang='lat' dir='ltr'><strong>cervix3</strong></span> <span class='ocrx_word' id='word_1_264' title='bbox 620 3664 718 3738; x_wconf 88' lang='lat' dir='ltr'><strong>caput</strong></span> <span class='ocrx_word' id='word_1_265' title='bbox 735 3665 782 3718; x_wconf 91' lang='lat' dir='ltr'><strong>est</strong></span> <span class='ocrx_word' id='word_1_266' title='bbox 800 3678 819 3718; x_wconf 88' lang='lat' dir='ltr'><strong>a</strong></span> <span class='ocrx_word' id='word_1_267' title='bbox 836 3676 966 3739; x_wconf 88' lang='lat' dir='ltr'><strong>corpore</strong></span> <span class='ocrx_word' id='word_1_268' title='bbox 982 3654 1088 3739; x_wconf 87' lang='lat' dir='ltr'><strong>longe.</strong></span> 
     </span>
    </p>

    <p class='ocr_par' dir='ltr' id='par_1_12' title="bbox 173 3737 1143 3825">
     <span class='ocr_line' id='line_1_41' title="bbox 173 3737 1143 3825; baseline -0.005 -17"><span class='ocrx_word' id='word_1_269' title='bbox 173 3756 222 3809; x_wconf 78' lang='grc'><strong>795</strong></span> <span class='ocrx_word' id='word_1_270' title='bbox 240 3760 359 3825; x_wconf 88' lang='lat' dir='ltr'><strong>aequor</strong></span> <span class='ocrx_word' id='word_1_271' title='bbox 376 3749 476 3817; x_wconf 88' lang='lat' dir='ltr'><strong>amat,</strong></span> <span class='ocrx_word' id='word_1_272' title='bbox 493 3759 672 3823; x_wconf 90' lang='lat' dir='ltr'><strong>nomenque</strong></span> <span class='ocrx_word' id='word_1_273' title='bbox 690 3750 790 3816; x_wconf 88' lang='lat' dir='ltr'><strong>tenet,</strong></span> <span class='ocrx_word' id='word_1_274' title='bbox 807 3740 883 3825; x_wconf 86' lang='lat' dir='ltr'><strong>quia</strong></span> <span class='ocrx_word' id='word_1_275' title='bbox 900 3739 1053 3825; x_wconf 84' lang='lat' dir='ltr'><strong>mergitur</strong></span> <span class='ocrx_word' id='word_1_276' title='bbox 1069 3737 1143 3803; x_wconf 91' lang='lat' dir='ltr'><strong>illo.’</strong></span> 
     </span>
    </p>
   </div>
   <div class='ocr_carea' id='block_1_3' title="bbox 0 0 1407 4500">
    <p class='ocr_par' dir='ltr' id='par_1_13' title="bbox 0 0 1407 4500">
     <span class='ocr_line' id='line_1_42' title="bbox 0 0 1407 4500; baseline 0 0"><span class='ocrx_word' id='word_1_277' title='bbox 0 0 1407 4500; x_wconf 95' lang='lat' dir='ltr'><strong> </strong></span> 
     </span>
    </p>
   </div>
  </div>
 </body>
</html>
