2800 4500
252 253 317 327 230
588 264 622 325 P.
640 265 766 327 OVIDII
782 264 946 325 NASONIS

186 414 233 463 705
253 394 293 458 ad
311 389 416 480 pelagi
433 389 605 478 nymphas,
622 390 729 478 pelagi
746 390 925 477 gratissima
941 384 1101 475 nymphis,

252 479 320 544 ibat
335 489 368 544 et
384 478 489 544 elusos
505 478 656 544 iuvenum
673 477 822 545 narrabat
839 497 972 543 amores.

254 562 305 626 cui
323 562 398 626 dum
416 561 587 647 pectendos
605 559 736 648 praebet
754 555 1049 642 Galateacapillas,

252 646 368 711 talibus
386 647 555 730 alloquitur
567 658 711 732 repetens
729 645 865 730 suspiria
882 644 987 710 dictis:

179 795 180 799 ,
253 740 299 798 ‘te
316 742 438 809 tamen,
456 753 476 796 o
493 732 594 817 virgo,
612 753 714 817 genus
731 731 817 795 haud
834 730 955 796 immite
972 730 1112 794 virorum

186 836 235 885 740
253 818 385 903 expetit3
403 814 501 901 utque
518 816 612 895 facis,
630 827 720 902 potes
737 815 787 881 his
804 816 934 901 impune
950 838 1079 901 negare.

253 915 285 968 at
303 902 394 979 mihi,
412 902 463 969 cui
480 914 570 988 pater
587 914 635 967 est
651 902 789 979 Nereus,
807 924 904 985 quam
922 901 1048 967 caerula
1064 900 1162 965 Doris

253 988 347 1054 enixa
364 999 426 1063 est,
444 1009 526 1071 quae
543 1010 614 1052 sum
629 986 726 1052 turba
743 1008 870 1071 quoque
887 997 957 1052 tuta
972 1008 1126 1065 sororum,

252 1096 316 1138 non
334 1072 395 1138 nisi
412 1072 590 1158 perlaetus
607 1071 697 1137 licuit
715 1069 865 1157 Cyclopis
883 1094 1023 1138 amorem

177 1216 180 1230 2
253 1158 414 1245 effugere?
458 1168 493 1231 et,
505 1157 654 1223 lacrimae
671 1179 783 1224 vocem
799 1156 972 1242 impediere
988 1155 1155 1242 loquentis.

187 1263 235 1311 745
253 1266 333 1328 quas
350 1243 407 1309 ubi
423 1265 600 1309 marmoreo
619 1242 749 1309 detersit
764 1243 879 1329 pollice
896 1243 986 1329 virgo

253 1340 285 1396 et
301 1329 402 1395 solata
419 1330 512 1394 deam
529 1339 592 1406 est,
610 1329 719 1405 ‘resen
736 1349 756 1392 o
774 1328 956 1405 carissima’
974 1326 1055 1393 dixit

252 1421 348 1481 ‘neve
361 1413 413 1479 tui
430 1436 560 1479 causam
576 1425 649 1500 tege
666 1412 754 1497 (sum
770 1412 828 1477 tibi
845 1414 925 1499 fida)
941 1413 1080 1480 doloris!

252 1499 365 1566 Nereis
382 1500 432 1564 his
449 1510 559 1564 eontra
574 1509 719 1565 resecuta
737 1495 906 1572 Crataeide
922 1509 1030 1564 natam
1048 1509 1111 1565 esta

178 1648 180 1657 ,
252 1585 342 1651 ‘Acis
360 1597 442 1662 erat,
458 1585 572 1650 Fauno
588 1584 793 1671 nymphaque
807 1582 1013 1670 Symaethide
1032 1595 1146 1662 cretus,
1185 1601 1277 1670 (Aeta

186 1689 236 1737 750
253 1693 372 1755 magna
388 1670 516 1754 quidem
532 1672 695 1756 patrisque
713 1669 764 1735 sui
779 1670 953 1754 matrisque
970 1669 1128 1755 voluptas,

253 1768 360 1821 nostra
377 1767 483 1821 tamen
500 1756 614 1820 maior:
632 1778 707 1820 uam
724 1778 776 1821 me
793 1754 853 1820 sihi
870 1755 1016 1821 iunxerat
1031 1754 1098 1832 uni,

253 1841 384 1929 pulcher
401 1852 433 1908 et
450 1842 571 1907 octonis
587 1842 701 1906 iterum
718 1840 878 1906 natalibus
895 1841 973 1906 actis

254 1927 394 2013 signarat
411 1940 535 1994 teneras
552 1927 650 1992 dubia
666 1925 817 2012 lanugine
834 1927 945 1992 malas.

178 2062 180 2069 s
199 2050 201 2053 ·
253 2013 339 2078 hunc
357 2034 428 2099 ego,
445 2035 497 2079 me
515 2009 655 2098 Cyclops
671 2012 758 2078 nullo
777 2035 850 2077 cum
867 2013 930 2079 fine
944 2011 1088 2098 -petebatz

187 2117 236 2165 755
254 2121 326 2175 nec,
344 2098 371 2163 si
389 2098 575 2182 quaesicris,
592 2098 701 2163 odium
720 2095 871 2183 Cyclopis
888 2121 1017 2164 amome

254 2184 366 2250 Acidis
383 2184 416 2250 iu
433 2183 525 2250 nobis
543 2185 638 2250 fuerit
655 2184 860 2270 praesentior,
878 2184 984 2250 edam:

253 2294 311 2357 par
328 2282 498 2354 utrumque
515 2271 585 2335 fuit.
629 2293 687 2419 pro
706 2281 825 2353 quanta
841 2270 983 2354 potentia
999 2269 1090 2355 regni

254 2369 315 2433 est,
332 2356 446 2428 Venus
463 2357 560 2433 alma,
578 2355 624 2419 tui
656 2377 772 2440 nempe
788 2355 842 2420 ille
859 2354 990 2419 immitis
1006 2366 1038 2420 et
1054 2354 1132 2440 ipsis

177 2501 178 2505 ,
254 2440 429 2507 horrendus
447 2441 534 2505 silvis
550 2451 584 2507 et
600 2441 686 2505 visus
704 2440 746 2505 ab
763 2440 887 2525 hospite
904 2440 992 2506 nullo

187 2544 237 2592 700
253 2527 384 2627 impune
402 2537 434 2591 et
450 2525 559 2611 magni
576 2546 649 2590 cum
667 2524 716 2590 dis
734 2536 933 2611 contemptor
950 2523 1092 2611 Olympi,
1145 2547 1148 2550 ·

254 2612 332 2696 qurd
349 2612 390 2677 sit
407 2633 505 2689 amor,
524 2612 633 2689 sentit,
652 2610 820 2694 validaque
837 2611 985 2696 cupidine
1003 2623 1115 2697 captus

254 2698 366 2774 uritur,
384 2696 500 2761 oblitus
518 2718 668 2781 pecorum
685 2709 911 2780 antrorumque
928 2719 1067 2762 suorum.

253 2782 381 2868 iamque
398 2781 458 2846 tihi
474 2781 609 2859 formae,
626 2781 754 2865 iamque
771 2783 894 2847 esttibi
911 2805 988 2848 cura
1004 2781 1161 2868 placendi,

174 2921 177 2935 r
254 2867 318 2933 iam
335 2867 455 2954 rigidos
472 2867 571 2954 pectis
588 2868 708 2944 reatris,
725 2866 938 2954 Polypheme,
957 2868 1097 2953 capillos,

190 2973 236 3020 705
254 2954 317 3018 iam
334 2953 413 3019 libet
429 2953 584 3018 hirsutam
600 2952 659 3018 tibi
674 2952 758 3019 falce
775 2953 915 3020 recidere
933 2954 1076 3030 barbam,

255 3050 286 3105 et
303 3050 446 3125 spectare
463 3038 548 3105 feros
566 3038 599 3103 in
616 3061 701 3123 aqua
718 3050 751 3104 et
765 3059 955 3124 componere
972 3040 1088 3104 vultus.

254 3126 360 3191 caedis
377 3147 467 3190 amor
483 3125 654 3208 feritasque
672 3124 804 3208 sitisque
820 3124 975 3190 immensa
992 3124 1111 3190 cruoris

254 3222 393 3288 cessant,
411 3221 443 3275 et
461 3220 548 3275 tutae
565 3210 760 3293 veniuntque
777 3210 957 3294 abeuntque
975 3209 1111 3276 carinae.

253 3296 404 3362 Telemus
421 3296 542 3361 interea
560 3294 701 3361 Siculam
721 3295 843 3360 delatus
860 3295 902 3360 ad
918 3296 1056 3373 Aetnen,

187 3399 236 3449 770
254 3382 404 3447 Telemus
422 3379 629 3466 Eurymides,
648 3402 744 3464 quem
761 3381 849 3445 nulla
864 3379 1022 3445 fefellerat
1037 3380 1114 3455 ales,

254 3467 426 3532 terribilem
442 3465 663 3552 Polyphemon
681 3466 749 3530 adit
766 3465 997 3549 “lumen”que,
1015 3467 1125 3549 “quod
1143 3489 1242 3530 unum

253 3553 357 3618 fronte
375 3552 459 3639 geris
477 3551 598 3629 media,
615 3552 718 3637 rapiet
735 3550 816 3615 tibi”
835 3551 915 3615 dixit
933 3550 1102 3616 “Ulixes’'

164 3642 166 3648 '
253 3638 322 3702 risit
338 3649 370 3704 et
387 3646 432 3702 “o
449 3649 557 3703 vatum
575 3635 790 3714 stolidissime,
808 3636 950 3702 falleris”
968 3637 1085 3720 inquit:

255 3723 379 3788 “altera
395 3722 460 3788 iam
476 3722 612 3808 rapuit.”
656 3722 702 3786 sic
718 3722 837 3787 frustra
854 3744 930 3787 vera
946 3733 1125 3787 monentem

186 3829 235 3877 775
254 3809 373 3894 spernit
390 3819 423 3874 et
439 3818 495 3874 aut
511 3807 660 3893 gradiens
678 3807 799 3893 ingenti
815 3806 909 3872 litora
926 3831 1023 3893 passu

254 3895 407 3978 degravat
424 3905 480 3959 aut
496 3894 600 3959 fessus
617 3893 677 3957 sub
696 3914 797 3978 opaca
813 3893 981 3958 revertitur
997 3906 1098 3958 antra.

253 3978 410 4063 prominet
426 3978 459 4042 in
476 3990 609 4063 pontum
627 3989 781 4043 cuneatus
799 3978 944 4045 acumine
961 3978 1056 4063 longo

253 4062 357 4128 collis:
375 4074 545 4148 utrumque
558 4063 646 4145 ,latus
664 4063 853 4130 circumfluit
870 4064 1016 4151 aequoris
1034 4063 1129 4132 unda.
