2800 4500
336 266 702 326 METAMORPHOSEON
719 268 792 323 LIB.
811 268 836 324 1:
846 268 996 324 ‘ms-385.
1145 256 1176 322 ’9

157 396 190 452 et
206 385 323 470 quibus
341 401 387 454 est
405 389 498 454 undis
516 391 638 469 audita,
657 391 796 456 coercuit
813 411 931 456 omnes.
991 404 995 409 ’
1027 406 1030 413 ·

152 469 217 531 iam
234 490 321 533 mare
338 468 411 532 litus
429 469 540 545 habet;
562 471 672 555 plenos
690 472 775 556 capit
792 473 901 539 alveus
918 492 1040 547 amnes3

72 572 73 575 ’
152 553 284 617 flumina
302 554 479 631 subsidunt,
497 555 657 639 collesque
675 557 762 622 exire
779 557 940 630 videntum

157 640 259 726 surgit
275 640 405 718 humus3
423 653 568 707 crescunt
584 642 655 708 loca
673 643 927 710 decrescentibus
945 648 1052 714 undis:

155 739 290 813 postque
308 725 393 792 diem
410 729 538 814 longam
555 729 675 794 nudata
692 731 857 795 cacumina
874 731 972 797 silvae

157 811 339 888 ostendunt,
357 812 532 897 limumque
548 824 658 880 tenent
674 813 708 879 in
725 816 837 881 fronde
855 818 1008 882 relictum.

156 898 297 962 redditus
314 897 398 963 orbis
416 910 493 981 erat.
537 920 632 983 quem
650 911 819 985 postquam
836 901 916 966 vidit
931 903 1058 969 inanem

157 996 189 1048 et
206 983 362 1049 desolatas
380 1006 474 1069 agere
493 985 556 1050 alta
573 984 696 1050 silentia
715 997 824 1064 terras,

156 1068 335 1134 Deucalion
351 1068 488 1133 lacrimis
505 1069 550 1134 ita
565 1070 724 1154 Pyrrham
741 1072 869 1136 adfatur
885 1072 1017 1139 obortis:

157 1160 191 1219 ‘o
208 1174 306 1231 soror,
322 1175 342 1219 o
360 1154 513 1231 coniunx,
531 1177 550 1220 o
568 1155 687 1221 femina
702 1157 771 1222 sola
788 1180 826 1221 su
850 1169 964 1235 erstes,

155 1261 252 1324 quam
270 1259 436 1306 commune
453 1240 531 1305 mihi
547 1263 650 1327 genus
667 1253 700 1307 et
716 1181 867 1327 patruelis
884 1243 984 1330 origo,

156 1325 270 1391 deinde
287 1336 374 1401 torus
390 1325 508 1404 iunxit,
524 1348 610 1391 nunc
627 1326 697 1413 ipsa
714 1328 854 1414 pericula
870 1328 1037 1414 iunguntr'

154 1421 324 1488 terrorum,
342 1432 558 1495 quascumque
576 1412 684 1477 vident
702 1435 833 1479 occasus
851 1426 882 1479 et
900 1427 998 1495 ortus,

154 1519 213 1562 nos
231 1497 294 1561 duo
312 1495 406 1561 turba
422 1520 547 1561 sumus:
565 1497 706 1583 possedit
724 1509 827 1564 cetera
843 1511 971 1584 pontus.

154 1582 234 1648 haec
252 1603 379 1666 quoque
397 1582 501 1648 adhuc
517 1583 602 1649 vitae
618 1605 683 1648 non
700 1596 748 1649 est
764 1584 882 1650 fiducia
897 1597 1023 1653 nostrae

156 1679 242 1733 certa
259 1667 348 1732 satis:
367 1677 484 1733 terrent
501 1668 682 1734 etiamnunc
699 1670 809 1735 nubila
825 1681 975 1736 mentem.

155 1753 226 1837 quis
243 1752 315 1829 tibi,
333 1751 360 1816 si
377 1753 445 1819 sine
462 1776 514 1820 me
531 1754 604 1819 fatis
622 1766 732 1841 erepta
747 1754 873 1832 fuisses,

154 1861 239 1904 nunc
257 1838 395 1914 animus,
413 1839 606 1917 miseranda,
623 1839 724 1906 foret?
741 1862 805 1924 quo
823 1841 891 1906 sola
906 1842 1051 1908 timorem

154 1925 238 1990 ferre
255 1923 350 1989 modo
367 1925 496 2009 posses?
513 1945 576 2008 quo
595 1926 777 1992 consolante
794 1927 937 1992 doleres?

153 2031 291 2093 namque
309 2030 380 2095 ego,
398 2010 491 2076 crede
508 2010 600 2088 mihi,
618 2010 693 2076 site
711 2032 837 2096 quoque
854 2022 969 2098 pontus
985 2011 1127 2093 haberet,

154 2106 186 2161 te
204 2115 361 2177 sequerer,
379 2095 532 2173 coniunx,
550 2107 582 2160 et
599 2117 651 2162 me
668 2117 795 2180 quoque
812 2109 928 2184 pontus
945 2097 1086 2165 haberet.

154 2202 174 2244 o
192 2181 314 2244 utinam
330 2201 457 2267 possem
476 2181 609 2268 populos
626 2204 774 2269 reparare
789 2181 929 2270 paternis

154 2265 275 2331 artibus
293 2276 388 2351 atque
405 2267 526 2332 animas
544 2267 697 2334 formatae
714 2267 882 2334 infundere
898 2267 1014 2337 terraei

153 2373 239 2417 nunc
255 2373 357 2437 genus
374 2351 408 2417 in
425 2352 516 2417 nobis
534 2365 631 2419 restat
647 2355 780 2420 mortale
798 2354 923 2420 duobus
938 2390 984 2404 —

152 2443 198 2507 sic
215 2442 319 2507 visum
336 2443 508 2528 superis—
518 2442 745 2523 hominumque
762 2442 908 2526 exempla
924 2440 1108 2507 manemus?

39 2569 41 2573 Α
153 2533 291 2609 dixerat,
309 2541 341 2596 et
358 2529 486 2596 flebant.
530 2530 649 2615 placuit
667 2529 801 2595 caeleste
818 2528 941 2614 precari

152 2639 271 2683 numen
289 2628 321 2681 et
337 2615 490 2681 auxilium
507 2638 564 2701 per
581 2637 687 2679 sacras
705 2635 857 2764 (praetere
874 2625 985 2679 sortes.

151 2703 240 2768 nulla
257 2722 346 2767 mora
362 2711 424 2767 est:
442 2702 560 2766 adeunt
576 2699 694 2786 pariter
741 2698 900 2785 ephisidas
917 2699 1032 2775 undas,

152 2800 188 2853 ut
204 2787 346 2852 nondum
362 2785 512 2870 liquidas,
530 2786 576 2851 sio
592 2787 657 2850 iam
674 2785 758 2850 vada
774 2795 850 2849 nota
867 2796 1020 2850 secantes.

151 2873 226 2940 inde
243 2871 300 2938 ubi
316 2872 430 2937 libatos
447 2871 626 2937 inroravere
642 2870 781 2955 liquores

38 2995 42 3004 «
152 2958 295 3024 vestibus
313 2967 345 3021 et
362 2956 472 3042 capiti,
490 2957 620 3022 flectunt
636 2955 773 3056 vestigia
790 2966 917 3057 sanctae

152 3044 194 3108 ad
213 3042 345 3110 delubra
362 3043 456 3119 deae,
473 3063 609 3126 quorum
626 3040 755 3127 fastigia
771 3052 856 3190 turp:

151 3128 313 3215 pallebant
329 3148 454 3204 musco,
471 3126 659 3210 stabantque
677 3126 745 3192 sine
761 3126 829 3213 igni
852 3149 889 3191 us
907 3149 991 3192 arae.

151 3225 189 3279 ut
205 3213 314 3298 templi
336 3213 468 3298 tetigere
484 3212 617 3299 gradus,
634 3212 814 3297 procumbit
830 3222 963 3296 uterque

151 3320 270 3386 pronus
287 3297 377 3362 humi
392 3298 562 3383 gelidoque
601 3319 699 3363 avens
716 3297 803 3362 dedit
820 3297 928 3363 oscula
945 3319 1032 3364 saxo.

152 3395 247 3468 atque
264 3384 309 3447 ita
327 3384 369 3447 ‘si
385 3383 546 3469 precibus'
588 3382 596 3399 ”
621 3394 713 3447 erunt
730 3383 876 3447 ‘numina
891 3382 982 3447 iustis

150 3470 237 3535 victa
253 3467 490 3544 remollescunt,
509 3467 537 3533 si
553 3467 691 3534 flectitur
706 3468 755 3532 ira
772 3468 917 3534 deorum:

152 3554 218 3630 dic,
235 3553 367 3630 Themi,
384 3574 448 3636 qua
464 3553 590 3639 generis
608 3553 759 3617 damnum
776 3553 953 3639 reparabile
970 3554 1070 3619 nostri

152 3650 219 3705 arte
236 3638 290 3716 sit,
309 3650 341 3704 et
356 3638 467 3703 mersis
484 3638 534 3704 fer
550 3661 659 3725 opem,
676 3637 856 3714 mitissima,
873 3638 988 3704 rebus?

151 3734 238 3789 mota
255 3724 316 3790 dea
332 3735 381 3790 est
398 3734 576 3808 sortemque
594 3724 694 3790 dedit:
713 3723 880 3789 ‘discedite
897 3724 1015 3809 templo

152 3820 184 3875 et
202 3810 304 3876 velate
320 3819 416 3894 eaput
434 3808 616 3892 cinctasque
633 3809 779 3873 resolvite
796 3821 899 3874 vestes

151 3914 288 3979 ossaque
304 3905 376 3981 post
394 3906 518 3978 tergum
535 3916 671 3979 magnae
688 3894 802 3959 iactate
819 3893 979 3979 parentis?

151 3978 235 4046 obsti
258 4002 332 4046 uere
350 3979 420 4056 diu3
437 3979 618 4066 rumpitque
635 3978 760 4046 silentia
777 4000 854 4045 voce

150 4002 278 4156 Pyrrha
293 4065 382 4157 prior
396 4064 552 4151 iussisque
570 4065 649 4132 deae
665 4087 778 4156 parere
794 4075 930 4144 recusat.
1188 4084 1238 4136 ost
