2800 4500
272 284 345 353 ‚art
382 299 415 355 Ρ.
430 298 555 357 ovrnn
567 297 650 355 nas.
662 297 914 363 8888800888.
926 297 1000 353 nra.
1012 297 1077 355 xv.
1089 298 1235 355 845-888.

215 442 264 492 845
285 421 432 489 Caesaris
449 420 565 508 eripuit
581 421 731 487 membris
748 442 852 505 neque
869 420 903 486 in
919 427 994 486 a‘e'ra
1011 422 1091 486 solvi

281 531 376 593 passa
392 518 551 585 recentem
569 507 708 571 animam
725 507 913 572 caelestibus
931 506 1036 572 intulit
1053 507 1156 572 astris.

282 595 422 677 dumque
440 593 527 669 tulit,
544 593 651 657 lumen
666 614 779 677 capere
796 603 891 676 atque
908 592 1072 677 ignescere
1089 593 1187 659 sensit

281 679 446 762 emisitque
464 678 545 743 sinu.
587 678 665 743 luna
680 679 768 743 volat
785 677 879 742 altius
895 677 960 754 illa,

203 803 213 837 4
245 810 251 847 2
282 763 567 848 flammiferumque
584 762 712 827 trahens
730 763 869 848 spatioso
886 763 984 828 limite
1002 763 1121 828 crinem

214 870 263 919 850
282 849 373 915 stella
389 849 499 925 micat3
516 847 646 931 natique
663 848 775 914 videns
792 848 873 913 bene
890 848 977 913 faeta
992 849 1111 913 fatetur

282 958 351 1001 esse
368 935 433 999 suis
451 934 572 998 maiora
589 942 622 998 et
637 933 722 998 vinci
739 933 859 1019 gaudet
876 934 918 997 ab
934 934 998 998 illo.

281 1020 333 1085 hio
350 1043 409 1085 sua
425 1019 577 1106 praeferri
595 1040 789 1102 quamquam
806 1028 894 1083 vetat
910 1029 982 1084 acta
998 1021 1148 1104 paternis,

281 1105 382 1170 libera
398 1105 485 1170 fama
501 1120 608 1169 tamen
625 1104 784 1186 nullisque
802 1103 941 1169 obnoxia
956 1104 1050 1169 iussis

203 1236 207 1253 Ι
228 1262 229 1265 ¹
281 1191 415 1264 invitum
432 1189 571 1275 praefert
587 1210 714 1272 unaque
732 1190 765 1252 in
782 1201 871 1273 parte
888 1202 1054 1275 repugnat.

214 1293 264 1342 855
282 1277 328 1342 818
344 1276 453 1361 magni
467 1275 555 1340 cedit
571 1274 671 1340 titulis
688 1274 940 1358 Agamemnonis
957 1277 1092 1352 Atreus;

281 1362 396 1447 Aegea
412 1361 458 1425 sic
475 1360 634 1436 Theseus,
653 1360 699 1425 sic
715 1359 816 1426 Pelea
831 1360 907 1425 vicit
923 1360 1076 1426 Achilles.

282 1448 433 1530 denique,
450 1456 486 1510 ut
503 1445 655 1530 exemplis
672 1445 759 1530 ipsos
776 1446 986 1528 aequantibus
1003 1456 1084 1523 utar,

282 1532 327 1596 sic
345 1544 377 1597 et
394 1529 553 1597 Saturnus
570 1531 673 1595 minor
690 1542 738 1595 est
754 1530 842 1596 Iove.
885 1530 1029 1615 Iuppiter
1046 1555 1135 1597 arces

227 1660 230 1665 ·
282 1627 436 1702 temperat
453 1615 608 1685 aetherias
626 1626 658 1681 et
675 1615 787 1679 mundi
803 1639 902 1700 regna
918 1615 1083 1681 triformis:

213 1719 264 1768 800
281 1714 365 1767 terra
382 1701 609 1788 subflAugusto
627 1710 684 1766 est.
727 1712 819 1786 pater
835 1712 882 1765 est
899 1712 931 1766 et
948 1712 1052 1766 rector
1067 1713 1211 1786 uterque.

282 1788 328 1863 di,
345 1809 467 1873 precor,
484 1787 616 1861 Aeneae
633 1786 780 1864 comites,
797 1786 913 1870 quibus
931 1786 1015 1852 ensis
1032 1798 1065 1852 et
1081 1787 1164 1872 ignis

282 1883 458 1948 cesserunt,
476 1872 572 1956 dique
590 1872 768 1957 Indigetes,
785 1871 973 1957 genitorque
990 1871 1125 1952 Quirine

280 1956 395 2035 Urbis,
413 1969 445 2023 et
462 1957 571 2023 invicti
587 1958 713 2043 genitor
730 1954 873 2023 Gradive
892 1955 1033 2037 Quirini,
1071 1993 1072 1996 ¹
1125 2025 1127 2027 .

207 2087 210 2097 s
252 2092 255 2123 :
282 2043 444 2128 Vestaque
464 2041 639 2109 Caesareos
656 2043 739 2106 inter
756 2054 879 2107 sacrata
895 2042 1045 2118 Penates,

213 2146 263 2195 865
282 2141 314 2194 et
332 2151 405 2193 cum
423 2126 583 2194 Caesarea
598 2139 649 2205 tu,
666 2128 799 2193 Phoebe
816 2128 1003 2204 domestice,
1020 2129 1131 2206 Vesta,

282 2214 399 2300 quique
417 2225 505 2281 tenes
523 2214 605 2279 altus
622 2213 778 2300 Tarpeias
795 2213 939 2301 Iuppiter
956 2235 1055 2291 arces,

282 2321 424 2384 quosque
442 2300 519 2365 alios
537 2300 602 2365 vati
619 2300 669 2365 fas
687 2300 847 2385 appellare
864 2300 1016 2385 piumque
1034 2310 1096 2365 est:

284 2386 374 2450 tarda
391 2385 430 2450 sit
447 2386 503 2452 illa
519 2385 586 2450 dies
605 2396 636 2450 et
652 2397 760 2450 nostro
778 2385 877 2450 serior
893 2406 984 2462 aevo,
1066 2399 1067 2402 ’

283 2492 348 2553 qua
366 2481 461 2554 caput
478 2470 678 2618 Augustum,
696 2492 792 2553 quem
809 2480 979 2555 temperat,
996 2470 1072 2536 orbe
1089 2471 1199 2537 relicto

215 2575 265 2624 870
283 2556 414 2620 accedat
431 2555 518 2619 caelo
550 2567 705 2638 aveatque
723 2556 925 2640 precantibus
942 2555 1070 2621 absens!

323 2725 457 2809 Iamque
475 2746 556 2809 opus
573 2723 681 2810 exegi,
699 2725 786 2809 quod
802 2747 862 2790 nec
878 2726 965 2791 Iovis
982 2726 1030 2791 ira
1046 2749 1106 2792 nec
1123 2726 1205 2813 ignis

281 2833 341 2877 nec
358 2810 473 2896 poterit
489 2812 609 2876 ferrum
625 2832 685 2877 nec
702 2812 785 2876 edax
802 2811 927 2877 abolere
945 2823 1096 2877 vetustas.

225 2936 227 2939 >
283 2919 355 2961 cum
373 2897 472 2973 volet,
490 2896 545 2960 illa
562 2896 644 2973 dies,
662 2917 745 2979 quae
761 2896 806 2959 nil
822 2897 883 2961 nisi
901 2897 1040 2982 corporis
1057 2896 1151 2962 huius

282 2982 331 3046 ius
348 2981 460 3058 habet,
477 2981 586 3046 incerti
605 2982 743 3066 spatium
760 2982 838 3045 mihi
854 2982 944 3046 finiat
961 2982 1045 3048 aevi:

213 3088 263 3137 875
281 3077 370 3153 parte
388 3077 495 3132 tamen
512 3066 640 3133 meliore
658 3068 721 3132 mei
738 3089 833 3165 super
851 3067 915 3131 alta
931 3067 1077 3152 perennis

282 3164 367 3217 astra
383 3151 482 3228 ferar,
499 3172 679 3235 nomenque
698 3152 758 3217 erit
774 3152 942 3217 rbdelebile
959 3163 1113 3218 nostrum.

281 3258 408 3320 quaque
425 3248 513 3322 patet
530 3236 657 3301 domitis
673 3237 821 3303 Romana
836 3238 977 3323 potentia
994 3237 1095 3314 terris,

220 3365 221 3370 κ
251 3377 256 3384 ,
281 3344 336 3386 ore
353 3322 443 3386 leoar
482 3322 585 3407 opuli,
602 3344 723 3408 perque
741 3321 848 3386 omnia
865 3323 991 3387 saecula
1007 3323 1103 3400 fama,

282 3373 404 3492 siquid
421 3345 538 3472 babent
555 3408 621 3472 veri
640 3419 747 3473 vatum
766 3404 947 3492 praesagia,
964 3408 1080 3473 vivam.
