2800 4500
257 252 320 321 196
587 264 621 321 P.
641 263 765 322 OVIDII
782 260 946 322 NASONIS

255 391 324 478 ipse
341 410 402 478 ego
418 388 486 455 fata
502 386 560 454 tibi
576 411 727 476 praesens
744 411 816 454 mea
832 387 1007 473 naufragus
1025 385 1095 453 edo.

177 530 181 541 r
257 498 368 562 surge,
385 498 460 562 age,
478 475 520 540 da
536 475 682 539 lacrimas
699 473 911 560 lugubriaque
927 473 1034 550 indue,
1051 492 1112 538 nec
1127 492 1180 537 me

189 583 240 633 tto
256 562 489 663 indeploratum
505 561 566 625 sub
583 560 691 624 inania
707 558 842 625 Tartara
857 557 967 624 mitte?

257 648 352 714 adicrt
369 645 419 712 his
436 669 547 712 vocem
563 645 756 731 Morpheus,
774 666 871 729 quam
887 643 1033 731 coniugis
1048 643 1104 709 illa

257 733 399 801 crederet
415 754 486 798 esse
503 731 562 796 sui.
604 731 698 796 fletus
716 750 844 815 quoque
861 729 995 795 fimdere
1012 750 1104 795 veros

256 818 343 884 visus
362 827 442 895 erat,
459 829 648 903 gestumque
665 838 780 880 manus
798 813 914 901 Ceycis
931 814 1079 880 habebat

176 940 181 971 ι
256 902 389 990 ingemit
404 903 563 989 Alcyone:
581 901 728 967 lacrimas
744 913 852 967 movet
868 912 964 986 atque
979 900 1113 966 lacertos

190 1009 239 1059 675
256 1012 315 1076 per
332 1010 492 1066 somnum,
510 1008 688 1073 corpusque
705 998 815 1073 petens
833 984 1034 1088 amplectitur
1050 1008 1143 1051 auras

257 1075 477 1159 exclamatque
495 1071 616 1139 ‘manel
634 1093 698 1156 quo
716 1084 748 1138 te
764 1072 870 1158 rapis?
885 1072 1002 1137 rbimns
1019 1072 1103 1137 una’

257 1180 336 1226 voce
353 1183 412 1225 sua
429 1157 598 1246 specieque
615 1156 675 1222 viri
692 1159 821 1223 turbata
837 1179 981 1259 soporem

259 1245 392 1323 excutit,
410 1257 442 1310 et
458 1244 561 1346 primo
578 1244 606 1309 si
623 1242 664 1308 sit
681 1243 894 1329 circumspicit
909 1242 983 1319 illic,

180 1384 185 1397 .
257 1332 313 1416 qui
328 1331 424 1395 modo
441 1352 529 1395 vrsus
546 1339 622 1395 erat.
664 1352 741 1394 nam
756 1329 835 1394 moti
852 1350 930 1394 voce
945 1328 1080 1394 ministri

190 1437 241 1487 680
257 1416 429 1483 intulerant
444 1416 562 1481 lumen.
605 1425 775 1500 postquam
791 1435 857 1479 non
873 1413 994 1479 invenit
1010 1436 1156 1499 usquam,

257 1501 394 1589 pereutit
410 1522 466 1566 ora
481 1523 580 1565 manu
595 1499 758 1584 laniatque
776 1523 796 1564 a
811 1509 939 1587 pectore
955 1510 1059 1566 vestes

257 1598 450 1674 pectoraque
466 1585 537 1672 ipsa
552 1585 636 1651 ferit.
678 1607 739 1650 nec
756 1585 858 1650 crines
876 1585 997 1651 solvere
1015 1596 1119 1650 curat:

259 1672 383 1738 scindit.
426 1683 459 1738 et
474 1670 590 1749 altrici,
608 1691 691 1755 quae
708 1671 813 1736 luctus
830 1692 941 1746 causa,
957 1691 994 1735 ro
1017 1671 1094 1749 anti,

180 1806 185 1824 ,
259 1758 362 1824 ‘nulla
379 1768 427 1824 est
443 1757 605 1843 Alcyone,
622 1757 711 1821 nulla
727 1756 788 1822 est’
806 1755 860 1821 ait.
904 1756 987 1821 ‘occi
1011 1756 1036 1821 ‘t
1051 1778 1117 1821 uua

192 1863 241 1913 oso
259 1865 333 1908 cum
350 1841 459 1930 Ceyce
476 1864 544 1908 suo.
587 1841 723 1908 solantia
738 1842 838 1907 tollite
855 1841 963 1907 verba

258 1929 434 2015 naufragus
451 1927 578 1994 interiit.
620 1927 686 1993 vidi
704 1927 885 2014 agnovique
900 1949 1078 2012 manusque

259 2016 301 2081 ad
319 2014 547 2091 discedentem,
566 2013 696 2100 cupiens
713 2013 863 2089 retinere,
881 2012 1010 2079 tetendi.

259 2101 374 2166 umbra
390 2099 466 2178 fuit,
483 2099 540 2166 sed
557 2110 590 2165 et
606 2099 720 2164 umbra
736 2111 844 2164 tamen
860 2098 1029 2164 manifesta
1045 2097 1168 2182 virique

185 2248 190 2258 „
259 2209 336 2254 vera
351 2185 425 2253 mei.
467 2208 532 2251 non
548 2184 601 2251 ille
618 2184 763 2269 quidem,
780 2185 808 2250 si
825 2184 966 2269 quaeris,
984 2183 1122 2248 habebat

193 2294 243 2343 690
260 2284 403 2339 assuetos
419 2274 541 2349 vultus,
558 2292 618 2336 nec
635 2292 699 2356 quo
717 2272 806 2357 prius
823 2292 877 2337 ore
894 2270 1025 2337 nitebat.

259 2360 430 2460 pallentem
445 2358 631 2440 nudumque
648 2368 680 2422 et
697 2357 803 2421 adhuc
819 2367 947 2422 umente
964 2355 1078 2441 capillo

259 2444 371 2511 mfelix
388 2443 463 2508 vidi.
507 2442 593 2508 stetit
608 2442 670 2506 hoc
685 2442 874 2507 miserabilis
890 2442 960 2527 ipso

261 2552 335 2595 ecce
352 2528 436 2594 loco’
454 2563 498 2575 —
515 2538 547 2593 et
564 2527 702 2610 quaerit,
720 2527 854 2612 vestigia
872 2527 899 2592 si
916 2548 981 2612 qua
998 2525 1165 2612 supersint.

262 2615 337 2679 ‘hoc
354 2622 435 2690 erat,
451 2613 527 2689 hoc,
545 2613 649 2676 animo
666 2613 754 2696 quod
771 2612 931 2678 divinante
948 2612 1109 2689 timebam,

194 2721 244 2771 695
262 2711 293 2765 et
309 2723 351 2766 ne
368 2721 420 2765 me
432 2699 571 2785 fugeres,
580 2708 691 2762 ventos
710 2719 889 2780 sequerere,
906 2698 1070 2783 rogabam.
1152 2736 1155 2743 -

262 2797 295 2851 at
312 2794 397 2850 certe
412 2786 542 2861 vellem,
559 2782 709 2867 quoniam
727 2783 884 2868 periturus
902 2783 1023 2860 abibas,

261 2893 313 2935 me
330 2891 457 2955 quoque
475 2868 629 2933 duxisses.
673 2879 757 2946 tum,
774 2880 843 2934 tum
860 2868 921 2934 fuit
937 2868 1014 2934 utile
1031 2879 1136 2934 tecum

261 2955 308 3023 ire
324 2954 415 3020 mihi:
433 2976 538 3039 neque
555 2954 640 3019 enim
657 2953 698 3019 de
715 2954 799 3020 vitae
816 2966 958 3040 tempore
976 2954 1147 3038 quicquam

185 3093 188 3104 .
261 3063 326 3106 non
344 3040 437 3105 simul
455 3039 605 3126 egissem,
622 3062 682 3107 nec
698 3063 784 3105 mors
802 3040 937 3104 discreta
953 3038 1075 3106 fuisset.

195 3147 245 3197 τοο
262 3148 348 3191 nunc
365 3127 478 3191 absens
498 3126 593 3212 perii,
622 3125 723 3191 iactor
740 3147 865 3210 quoque
883 3125 1031 3190 fluctibus
1049 3125 1173 3201 absens,

263 3223 294 3278 et
311 3211 379 3277 sine
403 3222 435 3276 te
464 3233 516 3276 me
532 3221 649 3297 pontus
667 3211 773 3276 habet.
817 3210 972 3292 crudelior
989 3210 1058 3296 ipso

262 3297 304 3363 sit
319 3296 398 3361 mihi
414 3319 505 3362 mens
521 3297 647 3382 pelago,
665 3297 692 3360 si
709 3296 807 3361 vitam
824 3296 940 3361 ducere
957 3296 1039 3361 nitar

261 3382 388 3469 longius
406 3393 438 3448 et
455 3392 543 3447 tanto
583 3404 700 3467 ugnem
719 3404 883 3468 superesse
901 3381 1011 3447 dolori.

262 3469 319 3533 sed
335 3490 440 3551 neque
457 3490 566 3553 pugna
624 3489 685 3532 nec
701 3476 748 3544 te,
765 3467 956 3544 miserande,
977 3467 1164 3551 relinquam,

195 3574 246 3625 705
264 3565 296 3619 et
312 3553 371 3619 tibi
387 3575 473 3618 nunc
490 3552 601 3618 saltem
619 3552 745 3617 veniam
762 3573 878 3617 comes.
921 3552 1018 3636 inque
1036 3553 1191 3638 sepulcro,

263 3639 289 3703 si
307 3659 371 3704 non
387 3661 483 3717 uma,
501 3648 608 3703 tamen
623 3638 736 3723 iunget
751 3659 810 3702 nos
827 3637 945 3716 littera3
963 3638 1072 3703 sinon

264 3722 388 3789 ossibus
405 3745 478 3789 ossa
493 3723 588 3800 meis,
605 3734 638 3788 at
654 3745 771 3788 nomen
787 3722 914 3788 nomine
932 3723 1083 3811 tangam?

262 3809 355 3895 plura
373 3808 462 3873 dolor
478 3808 638 3894 prohibet,
655 3808 817 3895 verboque
834 3807 1002 3875 intervenit
1019 3807 1106 3874 omni

190 3951 194 3960 r
262 3894 406 3979 plangor,
425 3904 458 3959 et
474 3894 606 3958 attonito
623 3894 761 3981 gemitus
780 3917 800 3958 a
814 3894 909 3960 corde
926 3894 1103 3960 trahuntur.

196 4000 246 4052 ⁷10
262 4000 357 4043 mane
374 3988 450 4043 erat.
493 3979 654 4064 egreditur
669 3980 760 4045 tectis
778 3979 819 4045 ad
835 3980 909 4045 litus
927 3990 958 4046 et
974 3980 1064 4044 illum

263 4072 385 4130 maesta
401 4063 507 4128 locum
523 4064 652 4149 repetit,
670 4065 712 4132 de
728 4086 792 4152 quo
810 4076 969 4154 spectarat
984 4075 1124 4135 euntem.
