2800 4500
255 245 320 316 260
590 256 631 316 P.v
642 257 769 318 ovum
784 256 948 316 NASONIS

254 386 378 451 robora
421 384 540 468 fletque
556 382 662 448 Milon
679 383 794 460 senior,
813 405 886 447 cum
908 389 1029 466 spectat
1044 378 1155 446 inanes

187 472 339 548 ascillas,
358 469 413 555 qui
430 470 557 534 fuerant
575 469 747 533 solidorum
764 469 848 533 mole
865 480 1006 532 tororum

254 555 423 622 Herculeis
441 554 573 630 similes,
590 554 706 619 fluidos
722 554 862 639 pendere
881 553 1026 618 lacertos.

137 687 139 690 <
253 643 309 706 flet
325 662 466 725 quoque,
484 652 520 705 ut
534 639 568 704 in
586 640 714 725 speculo
731 661 828 739 rugas
845 638 969 724 aspexit
985 638 1095 715 aniles,

254 725 414 812 Tyndaris
431 737 463 791 et
480 747 602 801 secum,
622 748 679 790 cur
695 725 737 791 sit
754 725 803 790 brs
821 736 927 810 rapta,
945 723 1085 807 requirit

254 824 379 897 tempus
397 811 479 876 edax
495 833 616 885 rerum,
634 821 748 894 tuque,
766 809 923 874 invidiosa
939 819 1090 885 vetustas,

187 918 236 966 235
255 897 361 962 omnia
378 895 548 971 destruitis,
565 894 739 979 vitiataque
757 895 904 960 dentibus
922 895 993 959 aevi

254 982 408 1069 paulatim
425 983 510 1047 lenta
528 981 711 1046 consumitis
729 980 836 1045 omnia
853 990 962 1044 morte.

297 1069 389 1133 Haec
398 1088 525 1151 quoque
539 1087 605 1131 non
617 1077 770 1152 perstant,
784 1088 867 1150 quae
879 1087 938 1130 nos
947 1066 1104 1131 elementa
1112 1085 1279 1140 vocamus3

255 1174 397 1238 quasque
415 1151 500 1218 vices
521 1163 689 1238 peragant,
707 1187 751 1199 -
768 1151 889 1216 animos
907 1150 1068 1216 adhibetel
1085 1186 1129 1213 -.
1146 1149 1279 1215 docebo.

255 1250 405 1321 quattuor
422 1248 569 1304 aeternus
586 1236 738 1322 genitalia
755 1258 887 1323 corpora
903 1236 1040 1302 mundus

187 1343 237 1392 aro
254 1323 403 1389 continet.
446 1344 488 1389 ex
504 1323 565 1387 illis
583 1323 646 1387 duo
664 1333 739 1388 sunt
756 1343 889 1388 onerosa
906 1343 1027 1406 suoque

254 1409 395 1496 pondere
411 1408 444 1472 in
460 1407 607 1485 inferius,
624 1408 718 1473 tellus
735 1419 831 1490 atque
848 1408 948 1484 unda,
965 1408 1124 1472 feruntur:

255 1506 288 1560 et
304 1494 440 1560 totidem
453 1493 609 1579 gravitate
627 1504 735 1558 carent
752 1493 903 1578 nulloque
920 1502 1083 1579 premente

255 1581 319 1644 alta
336 1589 463 1665 petunt,
481 1584 648 1663 seratque
665 1583 738 1644 ae‘re
756 1580 865 1664 purior
880 1578 974 1664 ignis.

255 1686 338 1749 quae
356 1684 550 1749 quamquam
567 1664 669 1750 spatio
688 1664 817 1740 distent,
835 1675 942 1729 tamen
960 1664 1066 1728 omnia
1082 1662 1164 1729 fiunt

188 1771 237 1820 245
255 1773 296 1815 ex
312 1750 389 1836 ipsis
408 1761 440 1815 et
456 1750 490 1814 in
506 1748 577 1835 ipsa
593 1749 725 1815 cadunt:
743 1750 944 1834 resolutaque
960 1750 1055 1815 tellus

254 1836 288 1899 in
305 1834 444 1920 liquidas
460 1834 592 1900 rarescit
608 1857 723 1919 aquas,
741 1846 889 1900 tenuatus
906 1835 939 1899 in
957 1857 1050 1900 auras

255 1927 392 2006 ae‘raque
409 1942 503 1990 umor
518 1919 585 1985 abit
590 1943 599 1997 3
618 1921 747 2006 dempto
764 1942 891 2005 quoque
908 1921 1048 2007 pondere
1064 1942 1174 1985 rursus

255 2005 289 2071 in
307 2020 437 2092 superos
455 2011 510 2071 adr
526 2005 730 2071 tenuissimus
747 2006 863 2072 emicat
878 2006 979 2092 ignes.

255 2091 330 2157 inde
346 2102 430 2156 retro
446 2091 595 2168 redeunt,
611 2091 761 2176 idemque
777 2092 931 2156 retexitur
948 2092 1036 2156 ordo.

188 2196 238 2246 250
255 2177 338 2260 ignis
355 2177 440 2243 enim
451 2175 600 2242 deorsum
609 2176 762 2264 spissatus
778 2177 812 2241 in
830 2183 904 2242 adra
920 2178 1042 2255 transit,

255 2264 492 2350 hincinaquas,
507 2262 599 2328 tellus
616 2263 793 2348 glomerata
810 2262 934 2349 cogitur
950 2264 1047 2327 unda.

255 2369 316 2413 nec
333 2350 454 2448 species
472 2370 533 2428 sua¹
547 2347 663 2431 cuique
679 2359 802 2425 manet3
819 2370 989 2433 rerumque
1006 2348 1153 2413 novatrix

256 2456 297 2498 ex
314 2433 383 2497 aliis
402 2433 479 2497 alias
489 2446 616 2518 reparat
623 2442 738 2498 natura
746 2433 876 2519 figuras.

255 2539 315 2583 nec
331 2517 414 2603 perit
430 2518 464 2582 in
480 2528 547 2582 toto
564 2518 750 2601 quicquam,
767 2518 845 2584 mihi
863 2519 996 2597 credite,
1013 2519 1144 2597 mundo,

189 2622 238 2671 255
257 2603 314 2668 sed
331 2603 433 2667 variat
449 2602 627 2687 faciemque
643 2615 750 2669 novat.
793 2605 945 2689 nascique
961 2617 1094 2669 vocatur

255 2688 394 2773 incipere
412 2710 481 2753 esse
499 2688 600 2766 aliud,
618 2710 716 2772 quam
732 2690 819 2774 quod
835 2690 898 2755 fuit
915 2701 1001 2756 ante:
1018 2691 1173 2775 morique,

256 2774 399 2840 desinere
415 2773 494 2838 illud
510 2774 606 2839 idem.
650 2797 724 2841 cum
741 2774 804 2840 sint
820 2775 884 2840 huc
900 2775 1033 2840 forsitan
1050 2776 1114 2853 illa,

255 2857 334 2924 haec
351 2859 504 2924 translata
520 2858 610 2937 illuc,
629 2882 755 2928 summa
771 2872 878 2926 tamen
895 2860 1002 2926 omnia
1019 2872 1173 2927 constant.

254 2944 300 3009 nil
317 2944 465 3027 equidem
483 2944 597 3010 durare
615 2945 669 3010 diu
687 2947 748 3012 sub
764 2946 903 3032 imagine
920 2946 1032 3012 eadem

188 3046 238 3096 roo
256 3028 452 3095 crediderim.
495 3030 541 3095 sic
559 3030 600 3094 ad
617 3030 737 3095 ferrum
755 3031 885 3097 venistis
902 3032 944 3097 ab
962 3055 1050 3109 auro,

255 3115 396 3191 saecula;
414 3115 460 3179 sic
476 3114 591 3180 totiens
609 3138 702 3181 versa
719 3128 766 3181 est
783 3118 911 3182 fortuna
926 3117 1078 3183 locorum.

255 3200 321 3265 vidi
338 3221 409 3286 ego,
427 3201 513 3283 quod
530 3200 635 3265 fuerat
652 3202 814 3285 quondam
832 3202 1022 3268 solidissima
1038 3203 1142 3280 tellus,

256 3308 325 3351 esse
342 3285 469 3351 fretum.
508 3285 579 3349 ,vidi
595 3286 696 3352 factas
715 3308 756 3351 ex
773 3309 912 3371 aequore
929 3299 1044 3366 terras3

255 3380 287 3435 et
303 3371 413 3456 procul
431 3394 451 3434 a
467 3370 582 3456 pelago
599 3371 739 3437 conchae
756 3371 881 3437 iacuere
898 3373 1049 3451 marinae,

187 3473 237 3523 265
255 3466 395 3521 etvetus
412 3456 542 3528 inventa
559 3456 656 3521 estin
673 3457 835 3521 montibus
853 3480 970 3523 ancora
987 3459 1134 3524 summis:

254 3541 403 3625 quodque
420 3541 482 3606 fuit
499 3562 645 3627 campus,
663 3542 779 3608 vallem
797 3543 948 3608 decursus
966 3567 1122 3629 aquarum

254 3626 344 3691 fecit:
363 3636 395 3691 et
412 3626 514 3691 eluvie
532 3648 624 3691 mons
641 3638 689 3692 est
707 3627 861 3692 deductus
878 3628 912 3692 in
929 3649 1061 3714 aequor:

255 3733 337 3794 eque
355 3710 509 3796 paludosa
526 3710 617 3776 siccis
634 3712 751 3777 humus
768 3725 837 3778 aret
852 3713 993 3779 harenis:

255 3816 400 3878 quaeque
418 3796 501 3860 sitim
518 3796 670 3874 tulerant,
688 3808 835 3882 stagnata
851 3799 1022 3884 paludibus
1039 3812 1159 3867 ument.

189 3898 238 3948 270
256 3880 308 3943 hic
326 3880 429 3944 fontes
446 3891 561 3945 natura
577 3903 676 3947 novos
694 3882 813 3961 emisit,
831 3896 864 3949 at
879 3884 944 3949 illic

256 3962 383 4039 clausit3
402 3975 434 4029 et
449 3976 506 4029 aut
521 3965 579 4029 imi
595 3979 753 4032 commota
769 3969 957 4035 tremoribus
975 3971 1060 4037 orbis

257 4046 388 4112 flumina
404 4048 571 4133 prosiliunt
588 4064 644 4118 aut
673 4054 831 4127 exsiccata
846 4055 999 4123 residunt.
