2800 4500
242 247 304 314 192
569 261 602 314 r.
622 255 927 342 001000000οι0

239 385 308 471 ipse
325 392 433 469 pavet,
450 405 511 449 nec
527 405 576 461 se,
594 380 650 466 qui
667 380 708 446 sit
724 391 839 459 status,
856 381 924 467 ipse
941 379 1060 445 fatetur

240 469 321 536 scire
337 469 414 535 ratis
430 479 543 546 rector,
561 489 622 534 nec
639 467 717 551 quid
733 466 882 532 iubeatve
900 476 1038 531 vetetvez

191 591 198 603 -
240 566 329 620 tanta
344 553 420 619 mali
436 554 551 630 moles,
569 562 721 637 tantoque
738 552 895 637 potentior
911 561 978 616 arte
995 562 1054 616 est.

171 661 222 710 005
241 640 360 726 quippe
376 651 490 705 sonant
507 639 644 705 clamore
660 637 735 715 viri,
752 637 886 703 stridore
902 637 1062 711 rudentes,
1132 700 1137 710 ,

240 738 409 792 ventorum
418 726 548 790 incursu
559 723 668 809 gravis
683 722 785 799 unda,
803 721 970 787 tonitribus
987 721 1105 793 aether.
1168 764 1170 769 ·
1193 757 1196 761 <
1242 754 1244 767 =

244 812 392 877 fluctibus
411 811 456 876 eri
481 811 544 874 itur
554 808 741 891 caelumque
758 822 895 892 aequare
912 807 1038 873 videtur

239 906 355 981 pontus
373 905 405 960 et
421 835 566 959 inductas
585 894 751 980 aspergine
768 904 899 994 tangere
915 891 1028 959 nubes.

240 991 273 1045 et
288 980 393 1056 modo,
411 1001 484 1045 cum
501 979 605 1044 fulvas
623 979 744 1044 eximo
762 990 859 1044 verrit
874 977 1020 1056 harenas,
1127 1010 1128 1013 ¹
1161 986 1177 1021 ,·
1241 1012 1245 1021 .

172 1085 224 1137 000
242 1065 388 1130 concolor
405 1075 453 1131 est
468 1065 546 1142 illis,
563 1062 678 1150 Stygia
694 1064 790 1129 modo
806 1062 926 1150 nigrior
942 1064 1044 1129 unda:

240 1149 389 1216 sternitur
404 1150 563 1215 interdum
581 1149 766 1235 spumisque
783 1148 969 1214 sonantibus
985 1150 1080 1215 albet.

238 1235 316 1320 ipsa.
326 1255 453 1320 quoque
470 1235 519 1300 his
537 1235 642 1320 agitur
658 1235 781 1299 vicibus
798 1233 970 1300 Trachinia
985 1234 1116 1320 puppis:

239 1332 272 1386 et
288 1343 374 1385 nunc
391 1320 549 1397 sublimis,
567 1319 666 1384 veluti
683 1319 723 1386 de
741 1318 858 1384 vertice
875 1320 1001 1395 montis,

240 1406 401 1492 despicere
417 1405 451 1470 in
468 1405 566 1469 valles
584 1404 747 1488 imumque
764 1404 948 1470 Acheronta
965 1404 1104 1471 videtur:

172 1512 222 1561 000
239 1513 339 1567 nunc,
357 1491 413 1556 ubi
431 1490 599 1556 demissam
618 1512 751 1555 curvum
769 1489 975 1556 circumstetit
991 1511 1122 1574 aequor,

240 1576 400 1663 suspicere
417 1575 542 1642 inferno
560 1598 719 1640 summum
737 1576 777 1641 de
794 1574 920 1662 gurgite
937 1575 1070 1641 caelum.

223 1650 335 1748 ”saepe
352 1661 407 1726 dat
424 1661 585 1747 ingentem
603 1661 702 1726 fluctu
719 1661 803 1725 latus
820 1661 883 1726 iota
899 1661 1074 1746 fragorem:

218 1763 299 1813 onec
315 1747 417 1813 levius
434 1748 560 1834 pulsata
578 1755 682 1824 sonat,
700 1766 797 1830 quam
814 1746 935 1812 ferreus
953 1745 1029 1811 olim

240 1855 313 1898 cum
329 1833 450 1898 laceras
467 1832 548 1898 aries
565 1831 730 1897 ballistave
747 1831 888 1897 concutit
903 1852 1003 1898 arces.

172 1934 222 1986 010
240 1929 339 2003 utque
356 1919 458 1984 solent
475 1917 609 2068 sumpt-is
625 1917 755 1983 incursu
772 1916 892 1982 viribus
909 1917 955 1982 ire

239 2014 367 2090 pectore
384 2003 418 2068 in
435 2026 524 2069 arma
554 2002 600 2068 eri
615 2013 823 2089 protentaque
841 2003 904 2068 tela
920 2004 1042 2069 leonesr

240 2088 359 2154 sicubi
376 2111 410 2155 se
428 2088 530 2155 ventis
548 2089 718 2154 admiserat
735 2088 822 2152 unda
838 2087 964 2165 coortis,
1072 2136 1079 2151 .

239 2175 307 2247 ibat
322 2173 356 2239 in
374 2197 462 2239 arma
478 2175 554 2240 ratis
571 2175 734 2260 multoque
751 2185 820 2239 erat
836 2174 928 2240 altior
943 2173 1015 2239 illis.

238 2260 366 2346 iamque
383 2261 492 2328 labant
510 2260 616 2337 cunei,
634 2260 831 2346 spoliataque
848 2260 987 2347 tegmine
1005 2282 1097 2327 cerae

172 2366 221 2416 015
239 2347 325 2412 rima·
335 2356 423 2432 patet
439 2347 633 2431 praebetque
650 2345 736 2410 viam
752 2345 899 2411 letalibus
915 2346 1020 2411 undis.

241 2453 315 2498 ecce
332 2432 450 2497 cadunt
466 2431 546 2517 largi
564 2430 709 2497 resolutis
726 2430 866 2496 nubibus
883 2431 1014 2509 imbres3

239 2519 336 2601 inque
352 2515 469 2581 fretum
487 2516 597 2581 credas
614 2525 717 2581 totum
734 2516 925 2582 descendere
941 2517 1074 2593 caelum,

238 2603 335 2686 inque
352 2602 463 2688 plagas
482 2600 561 2666 caeli
578 2601 787 2667 tumefactum
804 2602 974 2669 ascendere
990 2614 1134 2689 pontum.

239 2689 312 2754 vela
327 2687 458 2752 madent
473 2686 605 2764 nimbis,
622 2698 654 2752 et
671 2708 745 2752 curn
762 2687 950 2753 caelestibus
967 2688 1061 2753 undis

172 2794 223 2844 000
240 2794 415 2858 aequoreae
431 2772 604 2839 miscentur
621 2794 732 2856 aquae.
776 2785 863 2839 caret
878 2773 1006 2859 ignibus
1024 2774 1142 2851 aether,
1254 2805 1257 2811 ¹

241 2879 398 2943 caecaque
414 2880 479 2923 nox
495 2858 649 2945 premitur
664 2857 803 2924 tenebris
819 2858 994 2943 hiemisque
1012 2859 1149 2943 suisque.

241 2944 414 3010 discutiunt
430 2955 536 3009 tamen
555 2944 612 3009 has
629 2945 847 3029 praebentque
863 2944 1013 3010 micantia
1029 2945 1137 3009 lumen

240 3029 391 3095 fulmina:
409 3028 568 3096 fulmineis
586 3030 756 3095 ardescunt
771 3029 900 3116 ignibus
916 3028 1032 3095 undae.
1129 3037 1131 3040 ’

240 3115 295 3181 dat
312 3136 438 3201 quoque
455 3115 519 3180 iam
537 3115 737 3181 saltusintra
753 3137 833 3181 cava
850 3127 937 3181 texta
953 3114 1078 3181 carinae

172 3224 222 3274 aas
239 3202 364 3267 fluctus.
407 3211 440 3266 et
455 3212 493 3266 ut
508 3201 599 3266 miles
616 3223 750 3266 numero
765 3200 975 3286 praestantior
991 3201 1087 3278 omni,

240 3308 314 3354 cum
331 3308 426 3373 saepe
444 3285 566 3351 assiluit
583 3285 733 3352 defensae
749 3286 915 3352 moenibus
932 3286 1031 3364 urbis,

239 3394 297 3459 spe
313 3373 433 3460 potitur
449 3372 577 3437 tandem
594 3372 761 3455 laudisque
778 3391 929 3438 accensus
946 3373 1053 3439 ¹amore

239 3457 321 3524 inter
337 3458 423 3523 mille
440 3457 524 3523 viros
542 3480 669 3522 murum
686 3468 793 3523 tamen
810 3469 946 3544 occupat
963 3480 1061 3524 unus:

240 3544 287 3608 sic
303 3543 360 3608 ubi
375 3544 542 3644 pulsarunt
558 3542 690 3609 noviens
707 3543 806 3608 latera
823 3544 923 3609 ardua
939 3544 1066 3621 flnctus,

171 3651 223 3703 000
240 3628 360 3694 vastius
376 3651 544 3715 insurgens
562 3628 705 3694 decimae
720 3628 785 3693 ruit
800 3628 937 3714 impetus
954 3629 1074 3694 undae:

239 3736 300 3781 noc
316 3713 403 3801 prius
421 3714 551 3782 absistitu
561 3714 679 3780 fessam
696 3734 883 3799 oppugnare
900 3715 1049 3792 carinam,

202 3822 338 3928 (guam
353 3799 441 3864 velut
457 3799 490 3863 in
508 3810 618 3886 captae
636 3798 808 3866 descendat
823 3798 949 3865 moenia
965 3799 1066 3865 navis.

240 3908 314 3973 pars
331 3884 429 3971 igitur
444 3885 619 3971 temptabat
636 3884 742 3952 adbuc
758 3884 907 3951 invadere
924 3884 1045 3970 pinum,

240 3992 314 4056 pars
331 3970 427 4035 maris
443 3969 528 4034 intus
546 3981 623 4036 erat.
666 3968 825 4055 trepidant
842 3970 928 4035 haud
945 3970 1042 4037 setius
1060 3992 1181 4047 omnes,

171 4075 223 4128 005
241 4077 338 4142 quarn
355 4055 435 4124 solet
450 4055 541 4133 urbs,
560 4056 629 4123 aliis
647 4075 774 4121 murum
791 4056 984 4123 fodientibus
1002 4066 1092 4125 extra
1116 4063 1118 4065 ’
1159 4129 1163 4136 ,
1217 4111 1219 4115 »
