2800 4500
210 258 273 324 172
426 258 428 263 ·
539 270 573 326 r.
592 250 717 363 ov'mn
734 268 898 328 nasama
964 254 967 259 ’
1050 254 1052 259 ’

141 414 190 466 855
209 394 305 461 moris
322 431 365 442 -
383 405 415 461 et
431 417 451 458 o
468 395 583 460 vellem
600 394 711 460 similis
727 395 816 460 furor
833 405 916 461 esset
932 395 966 458 in
982 394 1076 461 illo!''

188 480 341 561 dixerat.
386 492 418 545 at
436 476 587 582 Cinyras,
604 494 699 564 quem
718 480 810 566 copia
827 481 924 630 digna
941 502 1119 565 procorum,
1164 516 1165 519 ¹

209 567 286 652 quid
303 567 413 642 faciat,
431 565 575 631 dubitare
593 565 684 642 facit,
702 566 833 631 scitatur
850 589 869 630 a
908 565 987 650 ipsa,

208 652 389 718 nominibus
407 651 512 729 dictis,
530 650 621 716 cuiue
638 650 715 716 velit
732 673 801 716 esse
817 651 931 716 mariti.

208 738 264 804 illa
280 739 350 804 silet
366 736 469 824 primo
486 737 659 822 patriisque
676 737 709 800 in
727 736 867 801 'vultibus
885 737 1017 803 haerens

141 843 192 894 aso
210 834 333 889 aestuat
349 834 381 888 et
397 822 504 908 tepido
522 821 677 886 suffundit
694 822 815 887 lumina
830 844 911 888 rore.

206 907 344 990 virginei
362 905 498 1009 Cinyras
514 907 593 972 haec
611 907 742 973 credens
760 928 830 973 esse
847 907 979 986 timoris,

206 993 283 1057 flere
301 1004 388 1059 vetat
404 1003 563 1077 srecatque
580 1014 679 1078 genas
697 1004 792 1078 atque
809 995 918 1058 oscula
934 992 1047 1081 iungit.

206 1078 344 1163 Myrrha
361 1078 442 1144 datis
459 1077 592 1143 nimium
609 1078 743 1163 gaudet,
762 1079 983 1162 consultaque,
1001 1081 1145 1163 qualem⁴
1192 1100 1193 1103 ’

207 1174 297 1252 optet
313 1163 430 1230 habere
447 1155 565 1238 virum,
582 1163 743 1229 “similem
760 1164 841 1228 tibi’'
859 1163 948 1229 dixit.
992 1166 1093 1232 atille

142 1268 190 1319 aaa
209 1272 273 1322 non
289 1250 480 1316 intellectam
497 1270 608 1315 vocem
626 1249 796 1314 conlaudat
813 1260 845 1315 et
862 1255 954 1315 “esto

209 1347 275 1399 tarn
291 1336 345 1420 pia
357 1333 510 1420 ‘semper'’
529 1334 582 1399 ait.
625 1334 751 1421 pietatis
767 1335 895 1401 nomine
912 1335 997 1401 dicto

210 1419 335 1484 demisit
352 1421 458 1484 vultus
475 1419 601 1485 sceleris
619 1419 680 1485 sibi
697 1420 824 1486 conscia
841 1421 941 1507 virgo.

208 1505 310 1571 noctis
328 1517 396 1570 erat
412 1505 566 1582 medium,
585 1526 741 1590 curasque
759 1523 790 1571 et
808 1526 940 1592 corpora
958 1529 1086 1573 somnus

210 1590 356 1656 solverat.
399 1601 433 1655 at
449 1590 540 1676 virgo
558 1588 710 1677 Cinyre'r'a
726 1590 860 1678 pervigil
876 1591 943 1678 igni

142 1697 193 1748 uto
210 1674 350 1762 carpitur
365 1675 519 1741 indomito
535 1675 719 1761 furiosaque
735 1687 811 1741 vota
827 1687 985 1743 retractat.

209 1773 241 1827 et
258 1761 353 1826 modo
371 1761 530 1847 desperat,
547 1762 643 1827 modo
659 1763 730 1827 vult
745 1772 915 1847 temptare:
932 1764 1103 1849 pudetque,

210 1858 242 1913 et
259 1847 360 1933 cupit,
378 1859 424 1925 et,
442 1846 519 1932 quid
537 1859 626 1934 agat,
643 1868 708 1911 non
725 1847 855 1913 invenit
899 1859 998 1933 utque
1015 1849 1118 1914 securi

209 1932 318 1999 saucia
334 1932 421 1998 trabs
437 1932 470 1998 in
494 1954 565 2011 ens,
582 1933 639 1998 ubi
655 1934 752 2019 plaga
769 1933 941 2000 novissima
957 1946 1064 2010 restat,

143 2036 144 2043 ¹
209 2039 273 2101 quo
291 2018 398 2096 eadat,
415 2017 449 2082 in
466 1955 563 2083 dubio
580 2030 642 2096 est,
660 2019 810 2104 omnique
827 2042 848 2084 a
863 2033 953 2105 parte
970 2019 1112 2086 timetur:
1227 2021 1230 2027 ’

142 2125 192 2176 555
210 2103 256 2170 sic
272 2102 397 2168 animus
414 2101 502 2169 vario
518 2102 695 2170 labefactus
712 2105 843 2170 vulnere
859 2116 952 2170 nutat

210 2190 273 2257 huc
289 2189 368 2256 levis
385 2201 481 2274 atque
497 2188 573 2256 illuc
590 2201 813 2276 momentaque
831 2189 926 2256 sumit
942 2201 1087 2276 utroque.

209 2296 269 2342 nec
285 2275 400 2341 modus
417 2286 472 2340 aut
488 2276 628 2360 requies,
644 2276 707 2342 nisi
722 2298 822 2361 mors,
839 2276 994 2364 reperitur
1011 2277 1141 2343 amoris:

209 2382 294 2427 mors
311 2361 424 2446 placet.
468 2361 600 2448 erigitur
616 2361 793 2445 laqueoque
810 2362 970 2429 innectere
986 2362 1095 2428 fauces

210 2445 361 2523 destinat,
378 2457 411 2511 et
428 2466 509 2512 zona
525 2467 650 2510 summo
668 2447 709 2512 de
726 2459 816 2532 poste
833 2448 976 2513 revincta
1006 2507 1011 2521 ,

142 2553 192 2605 555
210 2538 307 2597 “care
324 2531 395 2597 vale
414 2528 549 2616 Cinyra,
567 2553 759 2615 causamque
777 2533 925 2619 intellege
942 2532 1077 2599 mortis”

209 2616 303 2694 dixit,
321 2627 353 2682 et
371 2615 500 2702 aptabat
517 2616 647 2703 pallenti
665 2617 791 2683 vincula
807 2619 897 2684 collo.

209 2723 372 2767 murmura
388 2703 559 2767 verborum
575 2702 656 2767 fidas
673 2703 805 2769 nutricis
823 2704 863 2767 ad
881 2728 973 2771 aures

209 2786 391 2873 pervenisse
408 2787 528 2865 ferunt,
545 2788 642 2854 limen
659 2789 813 2855 servantis
831 2791 986 2856 alumnae.

147 2879 150 2888 ‘
210 2872 312 2959 surgit
328 2895 408 2938 anus
425 2886 607 2960 reseratque
623 2874 723 2952 fores3
743 2875 916 2960 mortisque
933 2887 1064 2961 paratae

142 2980 192 3032 885
210 2958 418 3024 instrumenta
435 2958 561 3036 videns,
579 2960 681 3046 spatio
699 2960 876 3026 conclamat
893 2962 1006 3026 eodem

211 3065 308 3127 seque
324 3043 398 3109 ferit
415 3043 591 3129 scinditque
609 3044 697 3110 sinus
716 3057 887 3131 ereptaque
905 3047 986 3111 collo

208 3130 337 3196 vincula
354 3129 494 3194 dilaniat.
538 3142 606 3195 tum
624 3129 762 3214 denique
778 3131 854 3196 flere
871 3132 1006 3206 vacavit,

210 3233 278 3279 tum
296 3215 371 3280 dare
389 3215 572 3300 complexus
589 3216 758 3299 laqueique
775 3216 934 3300 requirere
952 3240 1090 3283 cansam.
1134 3294 1137 3302 ,
1163 3233 1164 3238 ’
1234 3221 1236 3227 ’

182 3333 185 3338 -
210 3311 299 3366 muta
315 3299 386 3365 silet
402 3300 493 3386 virgo
510 3312 689 3384 terramque
707 3300 839 3366 immota
856 3312 972 3379 tuetur,
1232 3321 1235 3330 ¹

143 3393 192 3457 aab
210 3396 242 3450 et
259 3385 414 3472 deprensa
432 3385 518 3451 dolet
534 3385 644 3452 tardae
661 3385 829 3451 conamina
844 3387 964 3452 mortis.

209 3470 307 3536 instet
323 3493 417 3546 anus,
436 3491 596 3554 canosque
613 3492 689 3535 suos
706 3480 738 3536 et
754 3470 863 3536 inania
878 3473 1003 3537 nudans

209 3555 310 3622 ubera
326 3578 384 3642 per
401 3578 499 3621 cunas
517 3556 730 3639 alimentaque
746 3556 849 3640 prima
887 3571 1021 3633 recatur,

209 3651 246 3705 ut
263 3640 323 3705 sibi
340 3640 530 3719 committat,
548 3640 701 3725 quicquid
719 3641 813 3706 dolet.
856 3578 911 3707 illa
927 3655 1092 3728 rogantem
1123 3669 1128 3670 ’
1224 3707 1226 3716 ,

146 3736 150 3747 ’
210 3736 354 3791 aversata
370 3726 479 3812 gemit.
523 3737 609 3791 certa
626 3736 674 3791 est
691 3726 855 3809 exquirere
872 3729 990 3805 nutrix,

143 3832 192 3882 595
210 3812 386 3875 necrsolam
403 3811 558 3895 spondere
575 3811 681 3876 fidem.
724 3811 827 3888 “dia’?
843 3812 945 3897 inquit
964 3821 1146 3900 “opemque

211 3917 262 3960 me
280 3894 347 3959 sine
364 3894 447 3961 ferre
464 3895 536 3960 tibi:
554 3918 618 3960 non
635 3906 684 3961 cst
700 3918 773 3961 mea
789 3897 881 3983 pigra
899 3910 1053 3964 senectus.

211 4001 268 4044 seu
286 3979 375 4043 furor
391 3992 452 4057 est,
471 3980 587 4058 habeo,
605 3981 692 4065 quod
710 3983 849 4048 carmine
866 3996 956 4049 sanet
973 3995 1005 4050 et
1022 3984 1142 4052 herbis:

211 4063 279 4130 sive
297 4063 409 4153 aliquis
427 4065 549 4145 nocuit,
566 4066 691 4155 magico
708 4067 883 4136 lustrabere
899 4069 977 4137 ritu:
1005 4135 1008 4142 ,
1231 4069 1234 4078 ’
