2800 4500
322 259 985 324 rmnruoaruossou.s1a.1.aac-na
1123 248 1162 314 11
1240 233 1242 235 ’

144 388 262 491 quippe
279 388 336 455 ubi
352 390 536 476 temperiem
554 411 717 476 sumpsere
733 409 888 472 umorque
905 386 1063 472 calorque,
1181 403 1233 454 400

145 473 341 561 concrpiunt,
359 488 390 542 et
408 477 449 541 ab
466 476 517 541 his
534 476 678 541 oriuntur
695 485 809 542 cuncta
826 473 961 539 duobus.

144 583 281 646 cumque
298 560 340 626 sit
355 561 438 648 ignis
456 583 559 646 aquae
575 584 723 649 pugnax,
740 581 840 646 vapor
856 558 984 624 umidus
1001 580 1110 623 omnes

142 670 195 713 res
212 659 313 724 creat,
331 658 362 712 et
380 647 499 713 discors
517 647 685 713 concordia
701 647 819 712 fetibus
837 657 912 730 apta
928 659 986 711 est.

145 754 222 818 ergo
239 732 295 797 ubi
313 732 432 798 diluvio
450 733 542 799 tellus
559 734 717 799 lutulenta
731 731 851 798 recenti

145 817 264 883 solibus
282 818 429 884 aetheriis
447 819 575 902 altoque
591 817 757 884 recanduit
773 829 874 894 aestu,

145 903 244 968 edidit
260 903 442 970 innumeras
459 902 580 989 species
598 902 776 989 partimque
792 903 912 989 figuras
1076 976 1078 983 ι

145 988 264 1054 rettulit
282 988 443 1073 antiquas,
460 989 576 1075 partim
593 1011 677 1054 nova
693 998 835 1053 monstra
851 988 979 1054 creavit.

144 1074 200 1139 illa
216 1072 345 1159 quidem
362 1075 474 1152 nollet,
492 1075 548 1140 sed
564 1086 596 1140 te
613 1095 755 1159 quoque,
772 1074 909 1138 maxime
926 1072 1065 1159 Python,

146 1171 215 1224 tum
231 1160 358 1246 genuit,
376 1159 565 1246 populisque
582 1159 687 1237 novis,
705 1158 865 1244 incognite
883 1182 1023 1245 serpens,

146 1255 246 1310 terror
263 1268 347 1312 eras:
365 1256 487 1310 tantum
505 1245 599 1332 spatii
615 1246 655 1311 de
673 1256 780 1310 monte
796 1243 937 1310 tenebas.
1184 1262 1235 1314 440

144 1329 231 1395 hunc
248 1330 326 1396 deus
345 1330 521 1396 arcitenens
529 1342 561 1395 et
574 1351 750 1414 numquam
768 1330 883 1395 talibus
901 1330 996 1395 armis

145 1431 220 1482 ante
236 1415 298 1481 nisi
313 1417 347 1480 in
364 1416 499 1481 dammis
516 1417 701 1501 capreisque
718 1415 888 1501 fugacibus
905 1437 983 1481 usus

145 1501 232 1566 mille
248 1523 380 1587 gravem
397 1501 481 1578 telis,
500 1502 654 1568 exhausta
670 1523 772 1586 paene
788 1500 947 1586 pharetra,

145 1586 283 1672 perdidit
300 1586 401 1653 effuso
419 1609 477 1672 per
492 1587 625 1653 vulnera
640 1587 733 1672 nigra
749 1607 882 1653 veneno.

146 1695 227 1738 neve
244 1673 347 1760 operis
364 1671 484 1738 famam
500 1685 609 1758 posset
625 1672 731 1737 delere
747 1682 900 1749 vetustas,

146 1757 281 1823 instituit
297 1779 403 1824 sacros
421 1758 537 1824 celebri
554 1758 725 1824 certamine
742 1757 845 1833 ludos,

145 1843 265 1929 Pythia
281 1842 476 1929 perdomitae
493 1844 648 1929 serpentis
665 1844 794 1909 nomine
811 1843 921 1907 dictos.

145 1929 195 1994 his
211 1928 364 1994 iuvenum
381 1928 573 2013 quicumque
590 1951 687 1993 manu
705 1927 880 2014 pedibusve
897 1937 1006 1992 rotave

145 2014 279 2091 vicerat,
297 2016 462 2080 aesculeae
479 2014 625 2100 capiebat
640 2014 762 2079 frondis
780 2012 941 2078 honorem.

145 2099 287 2164 nondum
304 2101 413 2165 laurus
431 2110 513 2179 erat,
530 2101 584 2165 lon
608 2119 690 2183 oque
709 2099 853 2163 decentia
870 2098 956 2164 orins
1185 2118 1236 2168 450

146 2197 291 2272 tempora
308 2184 457 2272 cingebat
474 2186 514 2251 de
531 2206 575 2270 qu
608 2184 673 2251 ’bet
690 2183 802 2250 arbore
819 2183 982 2248 Phoebus.

189 2271 317 2336 Primus
335 2293 424 2336 amor
440 2271 565 2337 Phoebi
581 2270 722 2358 Daphne
738 2270 872 2336 Peneia:
891 2291 986 2355 quern
1004 2291 1068 2334 non
1115 2285 1234 2354 Daphne.

146 2358 212 2422 fors
229 2357 342 2443 ignara
358 2357 462 2434 dedit,
480 2358 536 2422 sed
554 2379 650 2423 saeva
669 2354 837 2442 Cupidinis
855 2355 913 2419 ira.

146 2442 260 2518 Delius
278 2441 363 2507 hunc
379 2465 490 2528 nuper,
508 2443 593 2508 victo
611 2453 755 2528 serpente
773 2441 939 2527 superbus,

146 2527 269 2593 viderat
286 2528 424 2593 adducto
440 2528 617 2596 flectentem
636 2549 756 2594 cornua
771 2549 881 2603 nervo,
1185 2546 1235 2596 455

146 2613 316 2697 ‘quid’que
334 2612 420 2690 tibi,
438 2614 555 2679 lascive
572 2636 662 2699 puer,
680 2636 753 2679 cum
771 2612 906 2677 fortibus
923 2611 1051 2678 armisi’

147 2699 284 2764 dixeratr
302 2698 377 2764 ‘ista
395 2699 507 2764 decent
523 2721 649 2765 umeros
689 2698 844 2765 estamina
860 2709 994 2777 nostros,

146 2783 202 2868 qui
218 2783 294 2849 dare
312 2795 398 2849 certa
414 2784 517 2860 ferae,
534 2778 610 2851 dare
627 2722 761 2850 vulnera
777 2805 945 2869 possumus
963 2782 1066 2862 hosti„

146 2869 202 2952 qui
219 2868 313 2934 modo
330 2869 480 2969 pestifero
497 2879 545 2934 tot
560 2870 672 2956 iugera
688 2880 799 2935 ventre
815 2880 1011 2954 prementem

146 2954 315 3020 stravimus
332 2955 505 3021 innumeris
522 2955 679 3020 tumidum
696 2954 847 3039 Pythona
864 2955 997 3040 sagittis.
1185 2976 1236 3027 rso

145 3051 181 3104 tu
198 3039 269 3105 face
286 3040 393 3106 nescio
410 3061 491 3125 quos
508 3051 575 3106 esto
593 3050 759 3106 contentus
777 3061 900 3105 amores

144 3125 296 3211 instigare
314 3137 383 3202 tua,
400 3148 460 3191 nec
477 3126 587 3191 laudes
604 3148 709 3191 assere
725 3124 870 3191 nostras?

144 3211 228 3275 filius
246 3210 321 3275 huic
338 3211 473 3277 Veneris
492 3211 586 3297 ‘ligat
602 3222 676 3276 tuus
694 3211 814 3287 omnia,
832 3210 974 3285 Phoebe,

145 3306 177 3362 te
194 3318 285 3361 meus
303 3296 411 3361 arcus'
429 3296 487 3362 ait:
506 3303 702 3381 ‘quantoque
720 3296 868 3361 animalia
886 3296 1002 3362 cedunt

145 3392 260 3446 cuncta
277 3381 352 3456 deo,
370 3392 459 3446 tanto
476 3382 580 3447 minor
596 3393 644 3447 est
661 3393 716 3446 tua
733 3381 836 3467 gloria
852 3380 980 3446 nostra!
1184 3401 1235 3451 405

145 3465 225 3531 dixit
242 3476 274 3532 et
291 3465 369 3531 eliso
386 3467 544 3552 percussis
561 3472 634 3533 aere
652 3468 765 3552 pennis

144 3549 280 3637 impiger
297 3551 447 3616 umbrosa
463 3551 598 3617 Parnasi
616 3552 756 3618 constitit
772 3574 845 3618 arce

145 3656 225 3718 eque
243 3636 421 3721 sagittifera
436 3638 591 3724 prompsit
608 3638 671 3702 duo
689 3639 753 3704 tela
768 3637 917 3723 pharetra

145 3721 341 3786 diversorum
359 3744 506 3808 operum:
524 3724 618 3809 fugat
633 3722 705 3801 hoc,
723 3722 800 3787 facit
816 3723 895 3787 illud
913 3743 1062 3787 amorem.

144 3806 230 3890 quod
247 3806 339 3883 facit,
357 3818 504 3872 auratum
522 3821 570 3873 est
587 3819 620 3874 et
636 3808 767 3894 cuspide
785 3808 888 3894 fulget
904 3819 1011 3873 acuta:
1182 3826 1234 3877 400

143 3891 230 3974 quod
242 3890 345 3978 fugat,
363 3892 512 3957 obtusum
526 3903 574 3958 est
587 3905 619 3958 et
632 3892 729 3959 habet
742 3892 803 3958 sub
814 3893 992 3959 harundine
1004 3890 1182 3979 plumbum.

142 3975 205 4041 hoc
222 3977 300 4041 deus
318 3976 352 4041 in
368 3976 511 4063 nympha
526 3976 667 4044 Peneide
684 3978 768 4057 lixit,
786 3988 819 4043 at
834 3977 889 4043 illo

128 4061 234 4148 *laesit
253 4060 437 4149 Apollineas
454 4062 585 4128 traiecta
601 4086 658 4149 per
674 4087 747 4130 ossa
763 4064 928 4130 medullas.
