2800 4500
319 248 685 311 mrnuomnosnou
701 249 775 308 mn.
793 250 817 307 1.
834 250 978 309 esc-rer.
1116 235 1157 306 17
1247 327 1249 331 Ι
1354 218 1356 221 ’

137 375 319 463 virginitate
335 376 439 444 deam.
481 378 545 444 ritu
584 399 690 462 noque
708 376 810 444 cincta
826 376 953 444 Dianae

138 462 276 542 falleret,
294 475 326 529 et
344 477 452 551 posset
470 464 556 531 credi
604 465 725 542 atonia,
742 465 769 528 si
786 484 850 527 non
1174 482 1225 535 sao

139 570 273 615 corneus
289 548 365 615 huic
382 571 488 626 arcus,
506 550 534 616 si
549 572 614 615 non
631 549 715 615 foret
730 570 846 614 aureus
862 548 918 614 illi.

138 634 185 700 sic
201 655 329 719 quoque
346 635 487 701 fallebat.
529 636 714 702 redeuntem
732 635 811 700 colle
828 632 958 719 Lycaeo

137 717 211 784 Pan
226 720 314 785 videt
330 720 412 786 hane
429 721 570 806 pinuque
587 732 683 807 caput
699 720 898 807 praecinctus
915 729 1009 785 acuta

138 805 215 870 talia
232 805 330 871 verba
346 805 457 872 refert'
557 806 697 872 restabat
714 805 813 871 verba
828 805 957 882 referre,

139 901 171 955 et
187 891 335 976 precibus
352 892 465 978 spretis
482 891 604 978 fugisse
619 914 678 979 per
694 891 767 956 avia
783 890 968 976 nympham,

139 976 240 1042 donec
256 976 403 1043 harenosi
418 977 580 1064 placidum
596 975 740 1042 Ladonis
757 976 799 1041 ad
816 997 942 1042 amnem

138 1061 274 1140 venerit3
292 1062 344 1127 hie
360 1062 462 1139 illam,
480 1085 607 1128 cursum
623 1061 871 1148 impedientibus
887 1061 991 1139 undis,

138 1158 175 1212 ut
192 1169 226 1213 se
242 1158 416 1226 mutarent,
433 1147 569 1232 liquidas
587 1169 693 1213 orasse
710 1168 848 1225 sorores;

138 1233 293 1317 Panaque
311 1255 384 1298 cum
401 1256 550 1320 prensam
567 1232 628 1299 sibi
643 1233 709 1298 iam
727 1231 866 1320 Syringa
882 1243 1018 1319 putaret,

139 1324 270 1404 corpore
287 1339 346 1405 pro
362 1319 523 1421 nymphae
539 1319 678 1385 calamm
695 1319 835 1385 tenuisse
851 1318 1007 1404 palustres
1012 1341 1022 1397 3

75 1485 78 1491 ,
140 1404 279 1488 dumque
295 1405 342 1469 ibi
358 1415 509 1491 suspirat,
526 1415 629 1471 motos
645 1405 679 1469 in
695 1403 874 1470 harundine
890 1416 1003 1469 ventos

140 1490 283 1556 effecisse
300 1511 414 1556 sonum
431 1500 559 1557 tenuem
575 1490 774 1574 similemque
790 1491 948 1574 querenti;

139 1585 207 1642 arte
223 1596 308 1641 nova
324 1576 474 1660 vocisque
491 1576 587 1643 deum
604 1576 772 1641 dulcedine
789 1584 918 1660 captum

139 1660 224 1726 “hoc
240 1660 319 1726 mihi
335 1660 503 1727 concilium
519 1660 784 1728 tecum’''dixisse
801 1659 998 1740 “manebit”

140 1757 236 1831 atque
252 1747 297 1812 ita
314 1747 492 1834 disparibus
509 1747 638 1813 calamis
656 1745 843 1896 eompaqine
861 1768 952 1813 cerae

139 1832 222 1897 inter
238 1855 273 1897 se
289 1831 404 1900 iunctis
420 1854 536 1898 nomen
553 1832 692 1900 tenuisse
710 1854 772 1917 pue
817 1852 845 1897 e.

140 1916 216 1983 talia
233 1917 373 1983 dicturus
390 1917 469 1984 vidit
486 1916 650 2004 Cyllenius
667 1939 777 1983 omnes

140 2002 344 2070 succubuisse
362 2003 485 2081 oculos,
502 2002 717 2088 adopertaque
733 2001 854 2066 lumina
870 2022 992 2067 somno.

140 2086 307 2175 supprimit
324 2089 483 2175 extemplo
500 2109 611 2154 vocem
627 2088 796 2171 firmatque
812 2107 969 2172 soporem,

139 2173 291 2262 languida
306 2174 505 2261 permulcens
522 2172 678 2239 medicata
693 2172 814 2238 lumina
830 2173 935 2259 virga:

139 2282 200 2327 nec
216 2282 319 2340 mora,
337 2257 453 2326 falcato
469 2270 632 2327 nutantem
650 2259 795 2326 vulnerat
811 2281 897 2337 ense,

140 2368 205 2430 qua
222 2348 303 2412 eollo
321 2357 369 2413 est
386 2345 509 2413 confine
526 2356 636 2433 caput,
653 2366 795 2429 saxoque
812 2353 978 2410 cruentum

140 2431 236 2498 deicit
253 2443 286 2498 et
300 2432 440 2497 maculat
478 2442 658 2518 raeruptam
677 2430 831 2517 sanguine
848 2453 970 2516 rupem.

139 2517 246 2619 Arge,
263 2518 361 2584 iaces:
379 2538 443 2606 quo
465 2539 528 2602 que
544 2517 578 2582 in
594 2527 641 2582 tot
657 2517 779 2582 lumina
794 2516 903 2582 lumen
919 2516 1071 2595 habebas,

139 2614 314 2668 extinctum
331 2613 393 2681 est,
410 2615 601 2688 centumque
618 2603 726 2669 oculos
743 2623 807 2666 nox
824 2613 958 2687 occupat
974 2625 1049 2667 nna.

140 2688 257 2774 exeipit
274 2687 331 2754 hos
348 2689 547 2773 volucrisque
564 2711 641 2755 suae
659 2684 810 2755 Saturnia
826 2687 939 2775 pennis

140 2774 274 2839 collocat
291 2785 323 2838 et
338 2773 472 2860 gemmis
490 2774 625 2839 caudam
642 2772 840 2838 stellantibus
856 2772 976 2857 implet.

139 2858 283 3009 protinus
300 2859 417 2925 exarsit
432 2880 493 2925 nec
509 2870 652 2945 tempora
669 2856 792 2923 distulit
807 2857 883 2934 irae,

163 2943 388 3026 crriferamque
406 2944 506 3010 oeulis
523 2944 691 3028 animoque
709 2941 824 3008 obiecit
840 2941 964 3027 Erinyn

138 3027 662 3114 paelicisArgolicaestimulosque
678 3028 712 3094 in
729 3038 856 3114 pectore
873 3048 984 3093 caecos

140 3114 280 3180 condidit
296 3126 329 3180 et
345 3116 515 3201 profugam
554 3138 588 3180 er
604 3125 706 3179 totum
724 3112 833 3178 terruit
849 3113 968 3178 orbem.

139 3199 270 3265 ultimus
276 3200 430 3265 immenso
446 3136 603 3276 restabas,
620 3199 709 3276 Nile,
725 3198 836 3264 labori.

140 3306 236 3369 quem
254 3284 386 3350 simulac
402 3285 520 3371 tetigit,
537 3284 711 3371 positisque
728 3283 762 3348 in
778 3282 923 3368 margine
939 3283 1027 3370 ripae

138 3370 309 3459 procubuit
325 3370 461 3456 genibus
477 3372 690 3456 resupinoque
708 3370 808 3434 ardua
825 3369 916 3446 collo,

138 3477 219 3541 quos
236 3454 339 3542 potuit
355 3456 452 3531 solos,
470 3455 583 3521 tollens
600 3456 642 3520 ad
659 3455 763 3520 sidera
779 3455 895 3532 vultus,

139 3552 172 3607 et
187 3541 309 3628 gemitu
326 3550 358 3607 et
373 3540 509 3606 lacrimis
527 3553 560 3607 et
575 3540 731 3606 luctisono
747 3539 871 3626 mugitu

139 3648 213 3692 cum
228 3626 308 3692 Iove
324 3626 394 3691 visa
411 3626 500 3709 queri
517 3626 676 3711 finemque
693 3647 782 3691 orare
799 3625 964 3691 malorum.

99 3737 105 3751 ·
139 3711 283 3797 coniugis
299 3711 353 3777 ille
371 3731 448 3776 suae
465 3710 649 3797 complexus
666 3711 749 3776 colla
764 3710 899 3785 lacertis,

138 3795 228 3861 finiat
242 3807 279 3861 ut
295 3817 415 3883 poenas
432 3796 575 3873 tandem,
591 3808 694 3883 rogat,
713 3795 837 3878 ‘in’qne
855 3794 1012 3859 ‘futurum

138 3903 221 4033 pone
238 3881 355 3947 metus'
373 3881 490 3965 inquit,
501 3885 686 3967 ‘numquam
702 3880 761 3946 tibi
779 3902 875 3946 causa
892 3880 1008 3944 doloris
1174 3897 1224 3948 tet

162 3988 219 4032 aec
236 3965 308 4032 erit'
327 3977 359 4032 et
376 3964 506 4053 Stygias
523 3966 613 4033 iubet
629 3966 690 4032 hoc
708 3965 818 4032 audire
834 3965 977 4052 paludes.

138 4061 175 4121 ut
191 4051 288 4116 lenita
305 4052 366 4118 dea
382 4062 446 4131 est,
463 4052 569 4119 vultus
587 4053 671 4141 capit
686 4052 741 4117 illa
757 4051 877 4140 priores

189 4149 340 4203 matrum
971 4150 990 4208 2
