2800 4500
255 234 318 303 182
585 246 618 303 Ρ.
638 246 764 307 OVIDII
779 244 942 304 NASONIS

251 371 357 438 flebile
373 370 480 438 nescio
498 370 576 455 quid
593 371 737 456 queritur
752 371 836 455 lyra,
853 369 957 435 flebile
974 367 1085 454 lingua

251 470 427 523 murmurat
445 457 613 535 exanimis,
631 458 824 542 respondent
840 455 944 521 flebile
962 455 1059 540 ripae.

250 543 378 626 iamque
395 565 482 608 mare
499 543 644 608 invectae
661 543 779 608 flumen
797 542 950 626 populare
966 539 1150 623 relinquunt

200 649 233 698 65
252 640 284 693 et
300 627 547 713 Methymnaeae
565 627 729 713 potiuntur
745 627 835 692 litore
854 625 964 690 Lesbi.

251 713 304 779 hic
320 714 407 779 ferus
424 713 603 799 expositum
621 712 797 798 peregrinis
815 711 929 796 anguis
946 709 1073 777 harenis

251 820 287 864 os
304 799 384 884 petit
401 810 433 864 et
450 821 576 884 sparsos
594 798 725 885 stillanti
741 819 811 863 rore
830 795 971 882 capillos.

251 884 379 950 tandem
396 883 549 950 Phoebus
566 884 658 949 adest
674 903 861 967 morsusque
878 881 995 947 inferre
1012 892 1177 967 parantem

252 981 352 1047 arcet,
371 981 402 1035 et
418 970 452 1035 in
469 969 608 1055 lapidem
625 969 723 1035 rictus
740 967 894 1053 serpentis
912 978 1038 1053 apertos

203 1073 236 1122 60
254 1056 400 1142 congelat
416 1065 448 1120 et
464 1055 605 1141 patulos,
623 1066 660 1119 ut
676 1065 781 1131 erant,
799 1053 928 1118 indurat
943 1053 1059 1118 hiatus.

251 1142 366 1206 umbra
383 1140 469 1205 subit
486 1151 585 1205 terras
590 1187 600 1218 ,
618 1151 650 1205 et
667 1161 750 1223 quae
767 1140 838 1204 loca
855 1138 978 1203 viderat
995 1149 1078 1218 ante,

252 1237 368 1292 cuncta
383 1225 594 1312 recognoscit:
612 1245 831 1310 quaerensque
848 1246 906 1309 per
923 1246 999 1289 arva
1015 1224 1141 1311 piorum

251 1311 372 1378 invenit
389 1310 573 1397 Eurydicen
591 1310 779 1396 cupidisque
796 1309 996 1396 amplectitur
1012 1311 1105 1375 ulnis.

253 1396 305 1463 hie
321 1397 417 1463 modo
435 1396 610 1462 coniunctis
627 1396 805 1481 spatiantur
820 1394 968 1480 passibus
986 1396 1095 1460 ambo:

202 1500 235 1549 65
252 1504 338 1548 nune
377 1483 597 1548 raecedentem
615 1481 767 1566 sequitur,
784 1502 871 1545 nunc
887 1480 1036 1566 praevius
1054 1481 1161 1560 anteit,

252 1568 343 1654 Eury
367 1568 499 1652 ’cenque
517 1591 607 1633 suam
623 1567 688 1641 iam
706 1578 775 1632 tuto
791 1565 921 1652 respicit
938 1564 1099 1652 Orpheus.

294 1654 369 1719 Non
385 1654 515 1740 impune
531 1664 638 1718 tamen
654 1653 758 1718 scelus
775 1651 836 1717 hoc
854 1651 929 1716 sinit
946 1674 1015 1718 esse
1032 1651 1178 1737 Lyaeus:
1196 1651 1277 1715 (Bac-

252 1739 431 1824 amissoque
449 1738 559 1804 dolens
577 1760 738 1804 sacrorum
755 1748 828 1803 vate
845 1759 975 1803 suorum
1197 1720 1278 1786 dm)

252 1824 396 1912 protinus
412 1825 447 1889 in
463 1824 551 1890 silvis
567 1834 684 1890 matres
701 1822 866 1888 Edonidas
884 1845 1004 1902 omnes,

202 1930 236 1979 to
252 1932 336 1995 quae
353 1910 461 1976 videre
477 1909 582 1986 nefas,
601 1920 684 1975 torta
700 1909 807 1974 radice
824 1909 945 1994 ligavit.

252 1995 371 2082 quippe
387 1996 505 2082 pedum
523 1995 652 2080 digitos,
669 1995 877 2079 inquantum
894 2005 942 2059 est
959 2015 1105 2079 quaeque
1122 2006 1242 2074 secuta,

217 2094 227 2113 ·
252 2082 362 2160 traxit,
381 2082 463 2148 etin
480 2081 613 2147 solidam
631 2080 764 2146 detrusit
781 2078 929 2145 acumina
946 2090 1071 2146 terram.

252 2177 351 2252 utque
368 2190 462 2232 suum
479 2166 615 2251 laqueis,
634 2188 714 2251 quos
733 2166 864 2231 callidus
882 2165 1004 2230 abdidit
1021 2187 1149 2254 auceps,

253 2276 325 2319 crus
343 2254 398 2318 ubi
416 2253 572 2319 commisit
588 2252 741 2329 volucris,
759 2251 919 2336 sensitque
936 2252 1046 2329 teneri,

202 2357 234 2405 75
252 2338 414 2425 plangitur
431 2361 469 2404 ac
485 2338 646 2424 trepidans
664 2338 809 2423 astringit
825 2336 952 2403 vincula
968 2348 1072 2402 motu:

252 2424 313 2501 sic,
330 2433 367 2490 ut
384 2444 530 2509 quaeque
546 2425 614 2490 solo
632 2424 738 2490 defixa
756 2422 939 2488 cohaeserat
954 2422 1078 2501 harum,

252 2519 416 2575 externata
433 2509 544 2595 fugam
560 2508 678 2574 frustra
695 2507 885 2594 temptabat3
903 2508 1039 2573 atillam

251 2596 338 2660 lenta
354 2606 441 2661 tenet
456 2595 547 2661 radix
565 2595 823 2677 exultantemque
840 2605 975 2660 coercet.

253 2681 404 2763 dumque,
421 2680 479 2745 ubi
491 2680 554 2746 sint
566 2680 668 2767 digiti,
686 2679 773 2757 dum,
790 2702 847 2765 pes
859 2679 926 2757 ubi,
943 2679 1076 2764 quaerit,
1095 2690 1127 2745 et
1140 2703 1276 2767 ungues,

202 2782 236 2832 80
254 2765 367 2853 aspicit
382 2767 417 2830 in
433 2776 548 2832 teretes
564 2766 689 2851 lignum
706 2766 876 2831 succedere
893 2788 994 2832 suras.

252 2862 285 2917 et
302 2862 416 2917 conata
432 2851 537 2917 femur
552 2850 705 2918 maerenti
721 2851 873 2937 plangere
890 2851 1012 2929 dextra,

251 2938 367 3003 robora
382 2938 551 3024 percussit:
567 2947 679 3038 pectus
696 2958 825 3021 quoque
841 2936 956 3002 robora
971 2937 1067 3003 fiuntc

251 3024 367 3088 robora
384 3034 458 3088 sunt
475 3046 591 3088 umen:
612 3035 821 3109 porrectaque
839 3022 988 3087 bracchia
1004 3042 1096 3086 veros

252 3131 321 3174 esse
338 3120 431 3194 putes
447 3130 568 3184 ramos,
585 3120 618 3173 et
632 3130 697 3173 non
715 3107 825 3173 fallare
842 3108 994 3193 putando.

185 3204 234 3262 ’85
294 3193 364 3260 Nec
380 3193 457 3259 satis
474 3193 535 3259 hoc
552 3192 682 3258 Baccho
699 3204 756 3258 est.
801 3194 886 3277 ipsos
903 3213 1030 3276 quoque
1047 3192 1165 3259 deserit
1181 3215 1276 3277 agros

252 3300 389 3363 cumque
405 3278 502 3345 choro
520 3279 649 3344 meliore
667 3277 717 3343 sui
734 3278 841 3343 vineta
856 3277 974 3342 Timoli
1164 3278 1275 3344 [Malas.

250 3365 469 3450 Pactolonque
486 3364 581 3450 petit3
600 3363 745 3448 quamvis
762 3384 827 3427 uon
844 3385 960 3428 aureus
976 3363 1032 3429 illo

233 3462 393 3537 tempore
410 3472 470 3517 nec
486 3449 567 3514 caris
584 3460 653 3514 erat
668 3448 845 3514 invidiosus
862 3447 997 3515 harenis.

250 3535 337 3601 hunc
353 3546 480 3601 assueta
497 3534 609 3599 cohors
628 3532 736 3619 Satyri
752 3532 963 3617 Bacchasque
980 3534 1194 3618 frequentant.

185 3625 235 3689 'ao
252 3632 284 3685 at
303 3620 430 3687 Silenus
448 3619 548 3686 abest.
592 3620 781 3684 titubantem
799 3619 952 3704 annisque
969 3641 1121 3703 meroque

250 3705 406 3772 ruricolae
424 3729 536 3792 cepere
552 3705 714 3791 Phryges,
732 3703 938 3788 vinctumque
955 3705 1079 3770 coronis

251 3791 293 3855 ad
310 3813 420 3877 regem
438 3792 557 3857 duxere
574 3791 704 3867 Midan,
722 3790 774 3855 cui
791 3790 947 3855 Tlnacius
965 3788 1117 3877 Orpheus

251 3876 349 3976 orgia·
358 3875 530 3942 tradiderat
547 3899 620 3942 cum
638 3873 794 3960 Cecropio
812 3874 982 3962 Eumolpo.

251 3981 307 4043 qu1
324 3962 417 4025 s1mul
435 3962 565 4045 agnovit
582 3961 704 4027 socium
721 3960 932 4044 comitemque
950 3983 1122 4041 sacrorum,

201 4064 233 4116 95
251 4044 383 4132 hospitis
401 4045 539 4112 adventu
557 4046 673 4116 festum
690 4045 856 4133 genialiter
873 4046 939 4133 egit
