2800 4500
230 253 272 321 88
431 266 434 269 ’
564 265 598 321 Ρ.
616 263 741 323 OVIDII
758 259 922 322 NASONIS
960 259 980 264 ”

229 412 294 456 non
310 400 466 477 poteram:
483 389 571 475 longi
588 388 712 476 patiens
730 400 798 454 erat
813 388 867 454 ille
884 387 1012 453 laboris.

230 498 288 564 per
304 487 410 542 tamen
428 486 461 541 et
478 496 621 560 campos,
639 497 697 560 per
714 483 840 560 opertos
858 472 970 539 arbore
987 481 1122 549 montes,

231 584 309 626 saxa
326 582 453 645 quoque
470 571 502 625 et
518 582 615 645 rupes
632 570 679 636 et,
695 579 761 644 qua
777 559 830 624 via
847 560 948 636 nulla,
967 559 1101 623 cucurri.

215 648 279 711 sol
297 656 365 712 erat
382 668 402 711 a
418 657 519 731 tergo.
562 645 628 709 vidi
644 645 841 730 praecedere·
853 645 983 730 longam
1085 662 1088 672 ·

164 751 214 800 615
232 743 305 797 ante
322 731 420 817 pedes
437 731 582 795 umbram
600 766 645 776 -
660 730 722 794 nisi
739 730 767 794 si
783 730 878 794 timor
893 730 948 794 illa
965 729 1094 794 videbat
1109 763 1154 776 -

231 818 288 882 sed
305 828 390 882 certe
407 816 591 899 sonitusque
607 816 728 901 pedum
745 815 897 892 terrebat,
915 826 948 880 et
963 815 1077 900 ingens

232 903 364 968 crinales
381 901 477 967 vittas
495 900 634 966 adflabat
650 900 807 966 anhelitus
824 901 897 965 oris.

231 988 317 1052 fessa
332 987 440 1052 labore
458 987 493 1051 fu
517 1010 555 1052 ae
573 986 670 1051 ““fer
682 1007 786 1073 opem,
805 984 1079 1072 deprendimur,''''
1097 984 1238 1067 inquam,

232 1072 469 1158 ““armigerae,
485 1009 607 1147 lgliana,
625 1082 715 1149 tuae,
732 1071 785 1136 cui
801 1093 897 1158 saepe
914 1071 1029 1137 dedisti

164 1177 215 1226 tao
233 1158 316 1223 ferre
334 1169 405 1222 tuos
423 1179 516 1222 arcus
533 1157 720 1240 inclusaque
735 1157 800 1222 tela
817 1156 1017 1243 pharetra.’'’'

232 1255 318 1309 mota
335 1243 395 1308 dea
413 1254 460 1308 est
477 1242 650 1328 spissisque
668 1243 774 1307 ferens
792 1264 810 1307 e
826 1242 966 1307 nubibus
983 1263 1081 1307 unam

178 1328 180 1331 ’
233 1352 285 1394 me
302 1350 399 1415 super
415 1328 532 1393 iniecit
574 1328 689 1392 lustrat
707 1326 841 1413 caligine
859 1338 977 1393 tectam

232 1414 347 1478 Amnis
366 1425 398 1478 et
414 1413 544 1498 ignarus
562 1413 681 1478 circum
698 1435 778 1478 cava
794 1412 904 1478 nubila
921 1412 1054 1497 quaerit,

233 1499 346 1582 bisque
363 1499 483 1575 locum,
501 1519 565 1582 quo
582 1521 634 1563 me
651 1498 866 1580 demerserat,
883 1498 1002 1563 inscius
1020 1496 1120 1562 ambit

165 1601 215 1650 625
234 1596 266 1648 et
282 1584 331 1649 bis
349 1584 427 1647 ““io
443 1583 619 1657 Arethusa,
636 1584 667 1648 io
685 1582 908 1648 Arethusal'”’
925 1583 1061 1649 vocavit.

233 1669 311 1752 quid
327 1668 405 1733 mihi
423 1680 500 1734 tunc
517 1669 614 1733 animi
630 1669 764 1734 miserae
782 1669 862 1734 fuit?
879 1691 961 1734 anne
979 1667 1066 1752 quod
1083 1689 1186 1753 agnae
1199 1676 1259 1745 est,

233 1755 261 1818 si
277 1775 342 1837 qua
358 1754 451 1839 lupos
469 1754 559 1818 audit
575 1755 695 1819 circum
713 1755 839 1819 stabula
855 1755 920 1819 alta
935 1754 1125 1819 frementes?

233 1852 290 1904 aut
305 1840 418 1924 lepori,
436 1839 492 1922 qui
508 1862 605 1926 vepre
622 1841 725 1905 latens
742 1839 868 1905 hostilia
885 1839 985 1905 cernit

234 1946 290 1988 ora
307 1946 422 1989 canum
440 1925 607 2009 nullosque
625 1925 723 1991 audet
739 1926 816 1991 dare
833 1946 965 2011 corpore
981 1925 1107 1990 motus?

167 2025 217 2075 636
234 2031 298 2074 non
315 2020 421 2075 tamen
440 2009 595 2087 abscedit;
613 2031 717 2094 neque
735 2011 819 2075 enim
836 2011 972 2097 vestigia
988 2011 1088 2076 cernit

233 2094 360 2181 longius
377 2096 444 2160 ulla
459 2096 594 2182 pedum:
613 2108 719 2161 servat
734 2095 916 2180 nubemque
934 2098 1113 2179 locumque.

234 2191 369 2267 occupat
385 2180 531 2246 obsessos
549 2180 646 2245 sudor
661 2181 740 2246 mihi
756 2181 892 2268 frigidus
909 2193 1007 2259 artus,

234 2268 459 2350 caeruleaeque
477 2268 596 2332 cadunt
612 2278 678 2332 toto
696 2267 736 2332 de
754 2289 884 2353 corpore
901 2279 1021 2353 guttae.

234 2373 362 2435 quaque
379 2353 494 2437 pedem
511 2353 611 2429 movi,
628 2363 738 2417 manat
754 2353 859 2430 lacus,
876 2375 958 2438 eque
976 2349 1097 2439 capillis

168 2454 217 2503 635
234 2459 287 2501 ros
304 2437 402 2515 cadit3
420 2449 453 2502 et
469 2437 577 2514 citius,
595 2458 692 2521 quam
709 2460 795 2503 nunc
812 2438 871 2502 tibi
887 2438 974 2503 facta
989 2459 1129 2516 renarro,

234 2523 268 2586 in
284 2521 394 2587 latices
412 2534 527 2587 mutor.
571 2524 628 2587 sed
645 2523 730 2587 enim
748 2524 911 2609 cognoscit
928 2535 1050 2588 amatas

234 2607 351 2671 Amnis
369 2627 482 2690 aquas,
500 2607 667 2692 positoque
684 2607 758 2685 viri,
776 2609 862 2692 quod
879 2619 1071 2695 sumpserat,
1089 2631 1143 2675 ore

235 2692 367 2758 vertitur
382 2693 416 2756 in
433 2693 591 2779 proprias,
608 2703 645 2757 ut
662 2715 696 2757 se
713 2692 792 2757 mihi
808 2693 954 2772 misceat,
971 2693 1083 2759 undas.

234 2777 330 2843 Delia
346 2778 432 2863 rupit
448 2778 596 2855 humum,
613 2778 778 2862 caecisque
796 2801 857 2864 ego
874 2801 978 2845 mersa
995 2780 1138 2845 cavernis

168 2880 218 2930 646
235 2862 376 2928 advehor
394 2860 579 2950 Ortygiam,
597 2884 680 2946 quae
697 2886 749 2929 me
767 2865 954 2949 cognomine
972 2865 1064 2930 divae

234 2959 327 3033 grata
343 2948 422 3012 mihi
438 2970 570 3034 superas
587 2949 698 3014 eduxit
714 2948 818 3034 prima
835 2950 896 3015 sub
913 2950 1048 3015 auras.’''

277 3033 633 3099 HacArethusatenus.
661 3034 806 3119 geminos
816 3036 876 3100 dea
884 3034 996 3101 fertilis
1006 3057 1126 3122 angues
1144 3033 1257 3102 (ΝΜΟ-

235 3118 380 3184 curribus
398 3119 538 3183 admovit
554 3120 715 3203 frenisque
733 3121 872 3186 coercuit
888 3142 954 3198 ora,
1148 3104 1250 3171 lm)

235 3214 266 3270 et
282 3203 423 3268 medium
441 3204 521 3269 caeli
537 3216 702 3289 terraeque
719 3226 778 3290 per
793 3211 868 3270 a‘e‘ra
884 3218 976 3272 vecta
993 3218 1042 3271 est

167 3305 217 3355 645
235 3299 331 3372 atque
347 3291 451 3354 levem
469 3311 596 3354 currum
613 3289 780 3355 Tritonida
797 3290 883 3355 misit
898 3291 931 3356 in
949 3292 1061 3357 urbem

235 3373 441 3459 Triptolemo.
484 3374 663 3460 partimque
680 3375 753 3439 rudi
770 3375 845 3441 data
862 3376 983 3442 semina
999 3376 1091 3441 iussit

235 3481 385 3544 spargere
402 3459 513 3537 humo,
531 3460 646 3544 partim
663 3471 736 3546 post
752 3472 897 3546 tempora
912 3462 1009 3548 longa
1026 3463 1175 3528 recultae.

235 3543 300 3609 iam
318 3566 414 3629 super
430 3544 582 3630 Europen
600 3546 743 3610 sublimis
760 3556 793 3611 et
809 3545 912 3610 Asida
929 3558 1046 3612 terram

236 3639 346 3694 vectus
363 3639 431 3694 erat
447 3629 585 3695 iuvenis:
604 3628 772 3715 Scythicas
788 3631 963 3697 advertitur
980 3655 1061 3697 oras.

169 3730 220 3781 656
236 3736 294 3779 rex
309 3713 356 3778 ibi
372 3713 506 3798 Lyncus
523 3726 600 3780 erat.
642 3715 727 3800 regis
745 3714 831 3780 subit
847 3715 900 3784 ille
916 3717 1065 3783 Penates.

236 3819 301 3882 qua
317 3798 437 3875 veniat,
455 3820 647 3884 causamque
664 3801 736 3866 viae
751 3822 932 3885 nomenque
948 3813 1078 3889 rogatus

237 3895 270 3948 et
284 3883 421 3983 patriam
438 3884 575 3968 “‘patria
591 3897 639 3950 est
656 3885 760 3951 clarae
776 3885 895 3965 mihi,'’'
913 3888 1003 3965 dixit,
1021 3888 1214 3956 “‘Athenaea

236 3966 450 4053 Triptolemus
468 3990 591 4036 nomen.
636 3970 710 4034 veni
725 3993 785 4035 nec
800 3994 914 4073 puppe·
926 3995 984 4058 per
999 3973 1112 4052 undas,

176 4087 179 4118 r
235 4074 296 4124 uec
311 4052 393 4144 pede
409 4075 468 4144 per
485 4064 597 4127 terras:
613 4056 717 4146 patuit
732 4056 811 4128 mihi
826 4079 954 4148 peruus
972 4058 1090 4128 aether.
