2800 4500
296 240 664 302 umunnonnnosnort
679 239 754 298 nra.
772 240 825 298 m.
843 242 988 299 aet-481.
1110 224 1154 296 ’40

135 369 318 440 abstrahere
334 369 408 435 inde
425 379 543 456 potest:
561 369 619 435 sed
635 390 736 454 opaca
752 367 843 434 fusus
859 368 893 433 in
908 366 1008 434 herba

136 468 258 546 spectat
273 456 434 542 inexpleto
450 455 636 522 mendacem
652 454 773 520 lumine
789 454 935 532 formam,

135 565 255 632 perque
272 543 381 607 oculos
397 542 478 627 perit
494 541 563 692 ipse
580 562 664 606 suos.
708 540 902 626 paulumque
919 542 1041 606 levatus
1173 560 1225 610 440

136 631 178 695 ad
195 630 434 694 circumstantes
450 638 505 692 ten
528 648 584 691 ens
601 648 660 691 sua
676 625 825 691 bracchia
842 626 937 691 silvas

138 714 275 798 ‘ecquis,
292 713 324 777 io
341 712 455 790 silvae,
473 711 646 778 crudelius’
663 711 768 795 inquit
784 711 937 777 ς00000101

139 799 223 865 scitis
241 799 340 873 euim,
358 807 391 863 et
405 798 514 863 multis
530 796 652 863 latebra
668 807 848 883 opportuna
864 797 979 863 fuistis.

139 905 284 984 ecquem,
302 904 375 947 cum
391 893 516 948 vestrae
532 892 580 947 tot
596 894 733 968 agantur
749 882 877 948 saecula
893 882 988 959 vitae,

138 991 195 1054 qm
211 969 257 1033 sic
273 968 424 1044 tabuerit,
440 967 537 1054 longo
553 968 741 1034 meministis
757 967 792 1032 in
808 968 908 1033 aevo?
1174 987 1225 1037 445

139 1065 171 1120 et
187 1053 305 1140 placet,
323 1063 355 1120 et
370 1053 463 1118 video
468 1078 478 1131 ;
495 1053 552 1120 sed
569 1054 656 1137 quod
672 1053 828 1138 videoque
845 1054 1022 1140 placetque,

137 1163 204 1205 non
219 1151 327 1204 tamen
341 1137 483 1204 invenio:
501 1149 607 1204 tantus
624 1149 712 1205 tenet
728 1159 815 1204 error
831 1139 1005 1205 amanteml

138 1245 267 1310 quoque
284 1224 386 1309 magis
404 1224 544 1302 doleam,
561 1244 621 1289 nec
637 1246 696 1289 nos
712 1246 801 1290 mare
818 1234 944 1309 separat
960 1225 1074 1310 ingens

138 1332 198 1377 nec
216 1310 268 1374 via
284 1331 344 1375 nec
360 1319 483 1375 montes
499 1331 560 1376 nec
577 1309 692 1374 clausis
708 1308 834 1375 moenia
850 1309 963 1396 portis:

140 1396 256 1481 exigua
273 1394 479 1480 prohibemur
495 1416 589 1478 aqua.
632 1394 722 1481 cupit
736 1395 805 1481 ipse
823 1395 938 1461 tenerit
1176 1412 1226 1463 450

140 1505 215 1546 nam
233 1480 379 1564 quotiens
395 1479 522 1563 liquidis
539 1479 737 1566 porreximus
754 1480 864 1546 oscula
880 1478 1028 1566 lymphis,

139 1566 191 1631 hic
208 1565 322 1631 totiens
339 1564 381 1630 ad
397 1587 449 1630 me
466 1565 614 1666 resupino
631 1565 742 1630 nititur
757 1587 822 1631 ore.

139 1672 233 1739 posse
249 1661 343 1736 putes
359 1649 461 1736 tangil
478 1650 644 1715 minumum
660 1662 719 1728 est,
737 1650 824 1735 quod
840 1650 1019 1716 amantibus
1036 1650 1149 1715 obstat.

140 1736 284 1820 quisquis
302 1758 346 1813 es,
364 1735 428 1800 huc
444 1736 510 1801 exil
537 1736 615 1819 qnid
632 1759 694 1814 me,
712 1758 793 1822 puer
808 1735 917 1814 unice,
934 1736 1029 1813 fallis,

141 1842 245 1906 quove
261 1821 379 1906 petitus
396 1820 484 1886 abis?
500 1832 584 1888 certe
601 1843 661 1887 nec
677 1822 781 1887 forma
797 1843 857 1888 nec
873 1832 960 1887 aetas
1176 1840 1227 1889 455

141 1918 190 1973 est
206 1928 292 1982 mea,
309 1927 407 1990 quam
422 1906 543 1991 fugias3
560 1916 593 1972 et
609 1917 757 1971 amarunt
772 1929 825 1972 me
841 1927 969 1991 quoque
985 1905 1155 1991 nymphae.

141 2013 231 2079 spem
247 1991 326 2056 mihi
342 1991 448 2057 nescio
465 2013 563 2076 quarn
579 1990 671 2056 vultu
710 1991 843 2056 romittis
860 1992 973 2068 amico,

142 2097 278 2160 cumque
296 2097 356 2162 ego
372 2075 499 2177 porrexi
514 2075 573 2141 tibi
590 2015 753 2152 bracchia,
770 2076 905 2162 porrigis
922 2077 1019 2142 ultro:

143 2185 216 2228 oum
233 2161 302 2238 risi,
319 2161 458 2228 adndesr
475 2161 621 2227 lacrimas
638 2183 766 2245 quoque
783 2183 878 2247 saepe
894 2162 1012 2238 notavi,

142 2270 195 2313 me
210 2246 408 2326 lacrimante,
425 2258 507 2313 tuas.
549 2258 631 2312 nutu
647 2269 775 2332 quoque
792 2246 883 2349 signa
899 2247 1045 2313 remittis:
1177 2267 1228 2318 400

143 2344 189 2409 et,
207 2343 362 2417 quantum
377 2344 467 2398 motu
483 2332 614 2398 formosi
631 2334 774 2419 suspicor
790 2354 863 2409 ons,

142 2418 242 2484 verba
257 2417 371 2495 refers,
388 2440 480 2484 aures
496 2439 561 2483 non
577 2418 793 2504 pervenientia
809 2429 943 2483 nostras.

142 2504 203 2570 iste
221 2524 281 2589 ego
298 2502 383 2568 snrnl
397 2502 500 2586 sensi,
517 2525 577 2569 nec
593 2526 646 2569 me
662 2526 735 2570 mea
751 2502 832 2568 fallit
848 2502 970 2589 imagol

142 2610 218 2654 uror
234 2609 341 2654 amore
357 2588 435 2666 mei,
451 2590 595 2653 flammas
611 2610 787 2673 moveoque
804 2590 945 2673 feroque.

143 2674 221 2758 quid
237 2672 373 2739 faciam?
389 2695 493 2760 roger,
511 2696 593 2739 anne
610 2674 741 2760 rogem?
757 2674 835 2758 quid
852 2674 965 2740 deinde
982 2674 1122 2759 rogabo?
1177 2692 1228 2743 405

142 2758 229 2843 quod
247 2758 355 2844 cupio,
372 2780 498 2825 mecum
515 2770 576 2823 est:
593 2758 723 2845 inopem
739 2781 790 2825 me
808 2759 900 2845 eopia
916 2758 1001 2824 fecit.

144 2865 164 2908 o
180 2843 302 2909 utinam
319 2867 340 2908 a
355 2855 463 2909 nostro
479 2842 625 2909 secedere
642 2865 773 2929 corpore
789 2843 928 2929 possem!

144 2940 252 2994 votum
269 2928 303 2992 in
320 2941 445 2995 amante
460 2950 593 2994 novum:
612 2929 741 3006 vellem,
758 2929 844 3012 quod
861 2950 1014 3007 amamus,
1033 2928 1173 2996 abessetl

142 3014 271 3098 iamque
288 3014 377 3079 dolor
393 3014 476 3080 vires
494 3013 618 3091 adimit,
634 3036 695 3080 nec
712 3025 855 3114 tempora
872 3014 954 3078 vitae

143 3100 241 3185 longa
257 3121 346 3165 meae
364 3110 527 3186 superant,
544 3099 710 3185 primoque
727 3110 895 3185 extinguor
910 3097 943 3162 10
961 3120 1050 3165 aevo.
1178 3121 1229 3171 4⁷0

143 3205 204 3250 nec
220 3183 298 3248 mihi
314 3205 399 3249 mors
415 3184 522 3271 gravis
539 3194 589 3250 est
647 3185 746 3249 situro
762 3195 864 3250 morte
882 3184 1021 3250 doloresr

144 3268 211 3346 hic,
228 3269 284 3353 qui
301 3269 451 3354 diligitur,
469 3269 583 3336 vellem
623 3269 778 3334 ‘uturnior
794 3280 886 3335 esset.

143 3376 229 3420 nunc
246 3354 310 3419 duo
327 3355 498 3421 concordes
514 3354 621 3419 anima
636 3354 807 3421 moriemur
823 3354 857 3418 in
873 3354 958 3419 una'

144 3439 225 3505 dixit
241 3450 273 3505 et
290 3438 331 3504 ad
347 3438 463 3505 faciem
479 3439 572 3505 rediit
587 3440 670 3505 male
687 3461 783 3505 sanus
801 3440 934 3505 eandem

144 3536 177 3590 et
193 3525 331 3590 lacrimis
347 3524 487 3589 turbavit
503 3546 618 3609 aquas,
636 3524 834 3609 obscuraque
849 3535 936 3589 moto
1177 3547 1229 3597 475

143 3610 267 3675 reddita
282 3608 386 3674 forma
402 3609 475 3674 lacu
491 3622 548 3676 est.
592 3631 689 3695 quam
706 3632 779 3675 oum
795 3610 924 3675 vidisset
941 3609 1039 3686 abire,

145 3702 223 3777 ‘quo
239 3695 381 3781 refugis?
396 3717 539 3773 remane,
555 3717 616 3762 nec
632 3718 698 3772 me,
716 3695 866 3772 crudelis,
885 3706 1044 3760 amantem

145 3778 269 3844 desere’
286 3778 448 3845 clamavit:
466 3779 586 3857 ‘lieeat,
603 3781 689 3863 quod
707 3790 837 3865 tangere
854 3801 918 3845 non
936 3790 994 3858 est,

145 3862 300 3949 aspicere,
318 3875 350 3930 et
366 3865 481 3930 misero
497 3865 649 3949 praebere
666 3865 816 3930 elimenta
832 3864 952 3930 furori'

145 3948 285 4032 dumque
302 3949 401 4028 dolet,
418 3970 543 4014 summa
558 3961 679 4016 vestem
696 3949 828 4016 deduxit
844 3950 885 4015 ab
904 3972 959 4016 ora
1178 3970 1230 4022 480

143 4033 296 4118 nudaque.
308 4034 493 4101 marmoreis
509 4035 665 4121 percussit
681 4046 810 4122 pectora
826 4036 949 4122 palmis.

195 4133 345 4184 00000
974 4135 993 4194 4
