2800 4500
316 269 682 334 rmrnnonrnosson
699 269 773 332 mn.
790 269 845 333 111.
862 269 1007 335 nto-nt
1129 256 1172 331 ts

152 422 226 468 ecce
243 422 341 487 nepos
360 398 476 466 Cadmi
493 399 590 465 dilata
606 412 696 501 parte
713 401 858 466 laborum

151 510 209 576 per
225 508 339 552 nemus
355 485 500 571 ignotum
517 507 581 551 non
599 498 692 551 certis
709 486 855 572 passibus
873 509 981 552 errans
1192 505 1241 556 lto

151 573 295 659 pervenit
311 571 345 636 in
361 571 484 637 lucum:
501 571 548 636 sic
565 571 654 636 illum
671 572 740 636 fata
755 571 910 638 ferebant

152 659 208 744 qui
225 657 319 723 simul
335 656 465 722 intravit
481 655 620 721 rorantia
635 656 778 722 fontibus
795 670 895 732 antra,

153 745 235 809 siout
252 753 341 808 erant
359 743 465 807 nudae
482 742 551 806 viso
566 765 624 807 sua
640 754 769 828 pectora
784 742 944 828 nymphae

152 850 335 914 percussere
352 830 420 892 viro
437 826 613 912 subitisque
629 827 803 892 ululatibus
821 850 914 894 omne

152 915 324 1000 implevere
340 935 467 989 nemus,
484 912 757 997 circumfusaeque
773 912 914 978 Dianam

154 999 338 1085 corporibus
354 1009 461 1063 texere
478 997 554 1062 suis.
598 1009 705 1063 tamen
723 997 815 1063 altior
831 998 892 1063 illis

153 1086 224 1172 ipsa
240 1084 300 1150 dea
317 1095 366 1150 est
382 1084 526 1167 colloque
543 1094 636 1148 tenus
653 1084 866 1169 supereminet
883 1105 1001 1150 omnes.

153 1170 210 1255 qui
227 1170 312 1235 color
328 1169 453 1234 infectis
470 1168 595 1234 adversi
613 1169 687 1233 solis
705 1169 746 1234 ab
762 1169 828 1234 ictu

153 1255 291 1321 nubibus
309 1277 378 1320 esse
395 1254 475 1319 solet
491 1265 547 1319 aut
563 1276 742 1340 purpureae
759 1276 901 1332 aurorae,

152 1342 181 1407 is
198 1341 260 1406 fuit
275 1340 310 1404 in
326 1340 416 1404 vultu
434 1339 521 1405 visae
538 1339 605 1404 sine
622 1351 711 1405 veste
727 1339 863 1406 Dianae.

153 1449 236 1512 quae
253 1446 445 1509 quamquam
463 1424 615 1490 comitum
630 1424 726 1489 turba
743 1437 791 1490 est
808 1426 923 1512 stipata
941 1447 1079 1504 suarum,

152 1513 187 1578 in
203 1512 287 1577 latus
304 1511 468 1595 obliquum
484 1521 591 1576 tamen
608 1510 707 1576 astitit
724 1532 842 1595 oraque
859 1523 944 1577 retro

153 1598 251 1664 flexit
294 1607 326 1662 et
343 1608 379 1661 ut
396 1596 491 1661 vellet
507 1608 669 1682 promptas
686 1596 836 1661 habuisse
853 1596 994 1682 sagittas,

154 1704 234 1768 quas
249 1681 361 1747 habuit
378 1681 423 1746 sic
440 1680 545 1746 hausit
562 1701 676 1765 aquas,
693 1682 880 1766 vultumque
898 1681 1020 1746 virilem

153 1767 294 1855 perfudit
311 1789 527 1853 spargensque
544 1788 651 1832 comas
668 1766 833 1832 ultricibus
851 1766 944 1831 undis

154 1853 275 1919 addidit
293 1852 371 1917 haec
389 1851 487 1917 cladis
504 1853 692 1937 praenuntia
709 1852 807 1918 verba
823 1851 964 1919 futuraea

154 1946 254 2004 ‘nunc
270 1937 329 2004 tibi
345 1958 397 2003 me
413 1936 516 2022 posito
534 1937 635 2003 visam
653 1937 808 2004 velamine
825 1959 943 2015 narres,

154 2025 181 2090 si
198 2023 315 2110 poteris
332 2045 473 2100 narrare,
490 2022 584 2088 licet’
626 2045 686 2088 nec
703 2023 796 2109 plura
812 2022 932 2087 minata

154 2111 210 2175 dat
227 2130 337 2195 sparso
354 2108 450 2195 capiti
466 2107 585 2172 dvacis
603 2129 722 2173 cornua
739 2108 834 2185 cervi,

154 2196 209 2261 dat
226 2195 363 2281 spatium
380 2193 460 2260 collo
478 2214 681 2278 summasque
699 2193 878 2260 cacuminat
894 2214 996 2270 aures,

154 2305 227 2348 cum
244 2280 441 2367 pedibusque
458 2302 585 2357 manus,
604 2301 678 2346 cum
694 2280 798 2366 longis
814 2280 963 2345 bracchia
979 2288 1082 2345 mutat

154 2365 299 2433 cruribus
317 2377 349 2432 et
366 2366 451 2431 velat
467 2366 628 2431 maculoso
646 2366 762 2431 vellere
780 2387 904 2452 corpus.

154 2452 280 2518 additus
298 2462 329 2517 et
345 2473 445 2536 pavor
462 2461 518 2517 est.
561 2451 645 2536 fugit
661 2453 861 2517 Autonoeius
878 2452 970 2517 heros

154 2550 187 2604 et
203 2560 238 2603 se
254 2550 321 2602 tam
338 2537 473 2602 celerem
490 2558 584 2601 cursu
600 2536 734 2602 miratur
749 2536 784 2601 in
800 2537 880 2621 ipso.

153 2635 191 2689 ut
208 2644 283 2689 vero
300 2622 407 2687 vultus
424 2632 457 2687 et
473 2643 592 2687 cornua
608 2621 687 2687 vidit
704 2622 738 2687 in
754 2623 851 2700 unda,

154 2715 221 2774 ‘me
238 2706 418 2773 miseruml'
438 2707 578 2772 dicturus
595 2719 677 2772 erat:
696 2730 759 2773 vox
775 2708 864 2773 nulla
880 2718 989 2773 secuta
1006 2719 1063 2774 est.

153 2793 322 2879 ingemuitz
340 2814 403 2858 vox
420 2792 474 2857 illa
490 2792 564 2870 fuit3
581 2791 793 2877 lacrimaeque
810 2815 868 2879 per
885 2815 941 2857 ora

153 2902 217 2945 non
235 2901 294 2944 sua
310 2879 483 2944 fluxerunt:
500 2899 590 2942 meus
607 2889 731 2942 tontum
748 2878 880 2964 pristina
896 2878 1021 2944 mansit.

154 2964 232 3049 quid
248 2964 362 3028 faciat?
378 2973 541 3111 repetatne
558 2963 687 3027 domum
705 2975 736 3029 et
753 2963 873 3049 regalia
889 2964 991 3028 tecta?

154 3073 195 3115 an
212 3050 309 3114 lateat
325 3048 412 3114 silvis
470 3048 550 3113 udor
566 3047 641 3124 hoc,
659 3047 754 3114 timor
769 3048 902 3133 impedit
918 3048 1006 3114 illud.

154 3137 231 3199 dum
249 3134 388 3210 dubitat,
405 3071 514 3199 vidiere
531 3154 639 3198 canes:
660 3134 817 3219 primique
834 3134 1016 3218 Melampus

152 3219 405 3301 Ichnobatesque
422 3241 522 3305 sagax
538 3219 654 3283 latratu
672 3219 764 3303 signa
781 3220 946 3295 dederunt,

154 3304 296 3371 Gnosius
313 3303 519 3379 Ichnobates,
537 3301 695 3389 Spartana
712 3315 808 3389 gente
824 3303 1017 3389 Melampus.

151 3391 227 3457 inde
244 3401 340 3454 ruunt
357 3389 410 3453 alii
426 3390 537 3474 rapida
554 3388 693 3454 velocius
711 3411 799 3467 aura,

151 3475 360 3561 Pamphagus
377 3486 409 3539 et
425 3473 571 3540 Dorceus
588 3485 621 3539 et
637 3472 806 3551 Oribasus,
823 3474 967 3539 Arcades
985 3495 1103 3551 omnes,
1189 3494 1240 3544 210

151 3559 449 3660 Nebrophonusque
467 3560 576 3624 valens
593 3570 626 3625 ct
642 3570 716 3624 trux
733 3581 807 3624 cum
824 3559 967 3645 Laelape
984 3558 1123 3636 Theron,

153 3658 185 3710 et
201 3644 335 3731 pedibus
351 3643 495 3709 Pterelas
511 3656 544 3710 et
560 3644 689 3709 naribus
706 3645 791 3709 utilis
807 3644 908 3730 Agre,

151 3732 360 3816 Hylaeusque
377 3729 445 3794 fero
462 3751 564 3815 nuper
580 3752 748 3815 percussus
766 3729 807 3794 ab
824 3751 912 3815 apro,

153 3816 256 3898 deque
272 3814 349 3900 lupo
367 3825 520 3899 concepta
535 3814 642 3901 Nape,
659 3815 861 3901 pecudesque
879 3825 988 3880 secuta

152 3899 337 3976 Poemenis,
355 3910 386 3965 et
403 3899 486 3964 natis
503 3898 651 3964 comitata
667 3900 814 3986 Harpyia
831 3900 966 3977 duobus,

153 3996 186 4050 et
203 3984 371 4049 substricta
387 4006 501 4070 gerens
518 3982 687 4066 Sicyonius
703 3984 758 4049 ilia
775 3985 890 4049 Ladon

151 4081 185 4139 ct
201 4068 341 4148 Dromas
358 4080 389 4135 et
407 4067 556 4156 Canache
574 4070 737 4155 Sticteque
755 4079 787 4135 et
804 4070 910 4158 Tigris
928 4082 960 4137 et
976 4071 1057 4137 Alce
