2800 4500
146 340 150 351 ,
259 269 303 338 98
435 288 438 295 ’
592 281 771 341 P.·0v11>11
787 280 1001 341 NASONIS'
1103 282 1111 289 ’

189 450 193 467 .
261 413 461 474 “‘aeternum
477 407 625 493 stagno”’
644 406 725 471 dixit
742 406 892 472 “‘vivatis
909 406 943 470 in
960 405 1071 472 istol''’
1182 407 1186 413 '

194 512 244 562 370
262 493 411 560 eveniunt
428 504 535 579 optata
553 493 641 558 deae.
684 492 775 558 iuvat
792 514 861 558 esse
879 491 939 557 sub
956 492 1050 557 undis

262 590 294 645 et
309 579 405 643 modo
423 589 489 643 tota
506 600 585 644 cava
602 578 807 664 submergere
823 577 967 643 membra
983 578 1110 662 palude,

260 686 346 729 nunc
363 664 504 749 proferre
521 674 632 750 caput,
649 685 774 728 summo
791 663 887 728 modo
904 664 1031 749 gurgite
1048 685 1135 741 nare,

261 772 356 835 saepe
373 772 469 835 super
484 750 587 834 ripam
604 749 710 835 stagni
727 749 912 825 consistere,
930 770 1025 834 saepe

189 880 191 889 ι
260 836 294 900 in
310 835 432 922 gelidos
448 835 568 901 resilire
584 835 683 900 lacus.
727 845 760 901 et
775 855 862 900 nunc
878 854 1006 919 quoque
1023 845 1131 920 turpes

194 940 244 988 375
261 920 369 986 litibus
386 931 534 987 exercent
550 920 691 1006 linguas,
709 920 866 1006 pulsoque
883 919 1016 1005 pudore,

262 1007 408 1091 quamvis
425 1006 489 1071 sint
506 1006 566 1071 sub
583 1026 682 1090 aqua,
699 1005 760 1071 sub
777 1026 862 1090 aqua
878 1005 1066 1072 maledicere
1083 1016 1250 1091 temptant.
1278 1030 1285 1045 ·

261 1113 324 1157 vox
342 1112 470 1176 quoque
486 1091 551 1156 iam
567 1112 664 1156 rauca
681 1102 745 1168 est,
762 1091 934 1191 inflataque
952 1091 1033 1156 oolla
1050 1102 1241 1168 tumescunt,

260 1176 394 1263 ipsaque
412 1177 544 1241 dilatant
561 1177 686 1262 patulos
704 1176 846 1242 convicia
862 1187 969 1241 nctus.

162 1316 164 1319 .
189 1312 190 1315 ¹
262 1273 353 1348 terga
370 1273 466 1348 caput
483 1272 632 1348 tangunt3
651 1262 733 1327 colla
749 1262 924 1347 intercepta
939 1261 1101 1338 videntum

195 1365 245 1415 380
262 1348 354 1447 spina
371 1347 464 1423 viret3
482 1359 601 1426 venter,
618 1370 693 1448 pars
710 1348 849 1412 maxima
867 1347 1021 1433 corporis,
1039 1347 1138 1412 albet:

261 1433 435 1516 hmosoque
452 1454 554 1498 novae
572 1434 688 1498 sahunt
704 1433 738 1497 in
755 1432 882 1519 gurgite
899 1432 1043 1498 ranae'’.'

306 1516 362 1584 Sic
379 1518 435 1582 ubi
451 1518 558 1584 nescio
575 1518 647 1602 quis
664 1517 767 1604 Lycia
784 1518 824 1583 de
841 1528 937 1603 gente
954 1518 1094 1583 virorum
1150 1532 1285 1600 Marsyas.

153 1625 157 1633 ·
262 1603 382 1668 rettulit
399 1603 546 1681 exitium,
564 1601 672 1688 Satyri
688 1603 899 1668 reminiscitur
916 1604 1004 1681 alter,

262 1710 358 1772 quem
374 1688 556 1754 Tritoniaca
576 1687 700 1754 Latous
718 1688 894 1754 harundine
911 1689 1031 1754 victum

195 1790 245 1840 385
263 1773 370 1839 affecit
385 1795 498 1860 poena.
543 1774 634 1858 ‘quid
651 1796 703 1839 me
719 1774 797 1839 mihi
814 1774 985 1840 detrahisi'
1003 1773 1119 1858 inquit:

263 1859 312 1924 ‘al
338 1860 437 1945 piget,
455 1859 488 1924 al
506 1881 570 1924 non
587 1859 650 1925 est'
668 1859 827 1925 clamabat
845 1859 938 1925 ‘tibia
954 1859 1064 1925 tantil’

263 1944 410 2010 clamanti
427 1945 509 2010 cutis
527 1955 575 2010 est
592 1967 732 2010 summos
750 1946 873 2031 direpta
889 1968 946 2031 per
963 1956 1060 2022 artus,

262 2052 322 2095 nec
339 2030 511 2114 quicquam
528 2030 588 2096 nisi
606 2031 722 2096 vulnus
740 2042 817 2097 erat
862 2052 954 2096 cruor
970 2030 1111 2115 undique
1128 2039 1246 2107 manat,

190 2166 192 2173 ,
263 2115 441 2199 detectique
458 2126 568 2201 patent
584 2116 688 2192 nervi,
706 2115 910 2201 trepidaeque
927 2115 995 2182 sine
1013 2115 1078 2181 ulla

195 2219 246 2270 000
262 2201 345 2287 pelle
361 2201 480 2267 micant
497 2223 607 2268 venae.
651 2201 796 2269 salientia
812 2201 935 2268 viscera
951 2223 1060 2287 posses

263 2298 295 2352 et
311 2288 510 2372 perlucentes
527 2310 695 2353 numerare
711 2288 746 2353 in
763 2299 890 2374 pectore
907 2287 1013 2353 fibras.

261 2373 351 2438 illum
369 2373 539 2450 ruricolae,
557 2373 708 2439 silvarum
725 2375 866 2451 numina,
883 2373 987 2438 Fauni

263 2468 295 2524 et
312 2457 420 2544 Satyri
435 2458 550 2523 fratres
567 2468 599 2524 et
615 2469 692 2524 tunc
709 2479 836 2542 quoque
854 2480 946 2524 carus
964 2457 1124 2544 Olympus

263 2555 296 2608 et
311 2543 471 2630 nymphae
488 2543 618 2621 flerunt,
636 2554 668 2608 et
685 2544 829 2628 quisquis
846 2544 1006 2610 montibus
1023 2545 1085 2609 illis

196 2646 245 2696 005
263 2628 485 2713 lanigerosque
502 2651 616 2715 greges
633 2640 840 2714 armentaque
857 2630 975 2696 bucera
991 2629 1088 2714 pavit.

263 2713 376 2779 fertilis
393 2714 560 2779 immaduit
577 2714 820 2799 madefactaque
837 2726 921 2781 terra
938 2715 1074 2780 caducas

263 2800 407 2884 concepit
423 2800 569 2865 lacrimas
586 2821 624 2864 ac
641 2801 732 2866 venis
749 2800 885 2887 perbibit
902 2800 984 2865 imis.

263 2906 343 2968 quas
360 2884 417 2949 ubi
433 2884 510 2951 fecit
527 2905 659 2968 aquam,
677 2908 796 2951 vacuas
814 2886 918 2952 emisit
934 2886 968 2951 in
985 2908 1089 2951 auras.

262 2969 337 3035 inde
354 2981 465 3056 petens
482 2971 630 3056 rapidum
647 2971 674 3035 ri
696 2971 724 3035 is
742 2971 916 3037 declivibus
934 2992 1053 3054 aequor

195 3076 247 3124 400
263 3055 397 3140 Marsya
413 3078 530 3122 nomen
546 3056 657 3134 habet,
674 2995 838 3142 l³hrygiae
854 3056 1082 3141 liquidissimus
1100 3055 1212 3121 amnis.

307 3141 441 3205 Talibus
459 3142 617 3227 extemplo
634 3142 716 3206 redit
734 3142 775 3206 ad
792 3142 971 3227 praesentia
988 3141 1078 3207 dictis
1180 3157 1284 3225 Pelops.

262 3227 378 3312 vulgus
396 3238 428 3291 et
445 3227 618 3292 extinctum
635 3249 709 3292 cum
727 3228 824 3312 stirpe
841 3227 1024 3312 Amphiona
1041 3228 1139 3313 luget.

263 3326 365 3377 mater
381 3312 414 3376 in
432 3311 552 3378 invidia
568 3323 626 3377 est
669 3311 753 3377 hanc
770 3323 846 3377 tunc
862 3333 990 3396 quoque
1007 3312 1121 3377 dicitur
1138 3334 1221 3377 unus

263 3398 355 3463 flesse
372 3396 506 3482 Pelops,
525 3419 712 3481 umeroque,
730 3420 804 3462 suas
822 3421 842 3463 a
858 3408 985 3483 pectore
1003 3409 1171 3483 postquam

196 3503 245 3551 405
263 3482 394 3548 deduxit
411 3494 530 3559 vestes,
549 3484 629 3548 ebur
645 3483 820 3548 ostendisse
837 3483 973 3548 sinistro.

263 3568 410 3632 concolor
425 3568 478 3632 hic
495 3590 623 3633 umerus
640 3568 790 3634 nascendi
808 3579 947 3653 tempore
966 3569 1077 3633 dextro

263 3674 494 3738 corporeusque
512 3654 583 3719 fuit.
626 3654 774 3718 manibus
792 3676 866 3719 mox
884 3676 977 3720 caesa
993 3652 1131 3739 paternis

262 3736 405 3803 membra
422 3738 529 3802 ferunt
546 3739 685 3803 iunxisse
704 3739 790 3804 deos.
834 3739 966 3823 aliisque
983 3738 1126 3824 repertis,

193 3875 198 3888 .
238 3883 240 3888 .
263 3823 319 3906 qui
335 3823 424 3888 locus
442 3835 490 3887 est
505 3822 607 3908 iuguli
623 3824 748 3889 medius
766 3826 942 3909 summique
959 3825 1080 3900 lacerti,

197 3928 246 3977 410
265 3906 376 3972 defuit.
419 3907 601 3992 impositum
619 3922 667 3974 est
684 3932 748 3975 non
766 3909 977 3997 comparentis
993 3909 1027 3974 in
1044 3932 1139 3974 usum

262 3991 467 4092 partisebur,
485 3993 632 4078 factoque
649 3995 768 4081 Pelops
785 3996 846 4062 fuit
861 3997 985 4081 integer
995 3995 1066 4096 illo.
1145 4028 1251 4096 Proque
1262 4037 1286 4082 e,

304 4076 447 4142 Frmtrmr
455 4099 601 4164 proceres
610 4085 736 4162 co‘e‘unt,
744 4082 903 4169 urbesque
912 4102 1109 4170 propmquae
1132 4096 1285 4153 Philomela
