2800 4500
315 292 683 359 rmrnnomnosuon
699 296 856 359 marn.
876 301 1019 360 174-261.
1110 282 1175 357 ‘111

157 445 216 490 nec
233 422 350 490 frustra
367 425 531 490 volucrum
549 436 666 490 tractus
684 425 807 492 cervice
824 425 997 491 draconum

157 532 267 575 currus
284 509 393 574 adest'
437 511 547 576 aderat
564 510 719 576 demissus
737 510 778 575 ab
796 511 923 578 aethere
941 534 1061 578 currus.
1143 528 1150 539 ⁶

156 617 220 681 quo
238 594 331 659 simul
348 596 490 660 ascendit
506 596 692 679 frenataque
711 597 792 662 colla
809 597 981 661 draconum
1194 621 1245 672 222

155 680 320 767 permulsit
336 680 648 765 manibusque.leves
666 682 799 765 agitavit
815 681 965 760 habenas,
1234 700 1236 707 “

156 766 299 831 sublimis
316 765 436 849 rapitur
453 767 658 849 subiectaque
675 767 831 833 Thessala
847 767 969 853 Tempe

156 851 303 937 despicit:
329 852 421 917 aeriis
438 852 622 939 regionibus
640 852 780 938 applicat
797 876 929 938 angues,

155 949 186 1003 et
203 958 284 1019 quas
301 936 386 1001 Ossa
404 938 489 1012 tulit,
506 957 590 1020 quas,
604 940 702 1000 altum
720 936 834 1002 Pelion
851 937 976 1013 herbas,

154 1041 234 1103 quas
252 1018 375 1105 Othrys
391 1021 579 1104 Pindusque
596 1034 628 1086 et
643 1022 750 1086 Pindo
767 1022 868 1087 maior
885 1019 1056 1109 Olympus,
1194 1048 1243 1100 225

154 1109 304 1207 perspicit
323 1118 354 1171 et
371 1106 503 1191 placitas
520 1107 635 1193 partim
652 1107 759 1172 radice
775 1108 908 1185 revellit,

153 1204 267 1278 partim
286 1192 420 1256 succidit
437 1190 618 1257 curvamine
636 1192 726 1257 falcis
743 1198 852 1258 a’e’nae.

154 1278 254 1342 multa
271 1297 399 1361 quoque
416 1277 558 1362 Apidani
574 1278 763 1362 placuerunt
779 1279 923 1364 gramina
940 1279 1026 1364 ripis,

153 1364 253 1427 multa
270 1383 397 1446 quoque
414 1362 591 1449 Amphrysi
596 1386 605 1440 3
623 1384 727 1447 neque
745 1385 815 1428 eras
831 1364 996 1442 immunis,
1014 1364 1153 1454 Enipeo,

153 1470 213 1514 nec
229 1469 294 1512 non
309 1446 438 1515 Peneus
454 1470 514 1514 nec
530 1470 595 1513 non
613 1446 823 1534 Spercheides
841 1448 945 1515 undae
1192 1476 1243 1526 230

154 1532 351 1599 contribuere
369 1533 489 1617 aliquid
504 1532 698 1617 iuncosaque
715 1535 808 1599 litora
824 1535 960 1601 Boebes.
1321 1550 1325 1556 ’

154 1618 270 1704 carpsit
287 1629 319 1684 et
335 1617 481 1683 Euboica
498 1619 593 1683 vivax
610 1619 802 1685 Anthedone
819 1642 961 1705 gramen,

152 1703 293 1768 nondum
310 1713 432 1767 mutato
449 1704 615 1790 vulgatum
633 1726 765 1790 corpore
783 1703 910 1772 Glauci.

153 1801 185 1855 et
200 1789 265 1854 iam
280 1810 366 1854 nona
383 1788 451 1854 dies
468 1811 562 1854 curru
579 1790 755 1875 pennisque
773 1791 944 1857 draconum

151 1896 298 1959 nonaque
315 1896 380 1939 nox
397 1896 507 1940 omnes
523 1876 709 1941 lustrantem
726 1876 849 1942 viderat
865 1898 969 1962 agros,
1191 1904 1241 1954 235

151 1983 225 2027 cum
242 1959 344 2025 rediit.
386 1981 491 2044 neque
509 1972 598 2025 crant
615 1961 706 2038 tacti,
724 1961 785 2026 nisi
802 1961 913 2039 odore,
932 1962 1097 2032 dracones:

152 2057 307 2112 ettamen
324 2067 468 2110 annosae·
479 2045 594 2131 pellem
611 2068 745 2131 posuere
763 2058 917 2113 senectae.

152 2129 292 2197 constitit
309 2130 479 2196 adveniens
497 2131 576 2196 citra
591 2131 752 2215 limenque
769 2131 917 2216 foresque

151 2227 185 2283 et
201 2228 324 2282 tantum
342 2217 429 2282 caelo
446 2216 573 2303 tegitur,
590 2214 772 2303 refugitque
790 2217 895 2283 viriles

151 2313 331 2378 contactus,
348 2302 518 2385 statuitque
535 2325 606 2367 aras
623 2325 641 2369 e
659 2303 797 2390 caespite
814 2304 915 2381 binas,

152 2386 327 2454 dexteriore
344 2388 497 2465 Hecates,
514 2399 564 2453 ast
579 2389 671 2453 laeva
687 2399 778 2474 parte
794 2389 958 2456 Iuventas.

150 2473 209 2537 has
226 2472 282 2537 ubi
300 2471 445 2538 verbenis
461 2472 603 2557 silvaque
619 2474 753 2539 incinxit
768 2475 895 2560 agresti,

151 2558 238 2623 haud
254 2558 363 2643 procul
381 2568 491 2644 egesta
506 2558 671 2625 scrobibus
688 2560 800 2626 tellure
817 2559 942 2626 duabus

151 2665 241 2708 sacra
258 2642 335 2709 facit
352 2645 533 2726 cultrosque
549 2644 583 2707 in
600 2657 731 2730 guttura
747 2646 872 2712 velleris
894 2646 954 2711 atri

151 2729 266 2794 conicit
284 2741 316 2795 et
332 2728 456 2815 patulas
473 2728 635 2815 perfundit
652 2731 807 2816 sanguine
824 2731 936 2796 fossas.
1190 2757 1240 2808 245

45 2813 47 2816 ’
150 2825 218 2879 tum
236 2836 339 2914 super·
348 2814 517 2900 invergens
534 2815 646 2897 liquidi
663 2815 824 2881 carchesia
840 2817 998 2882 mellis...

151 2922 308 2985 aereaque
329 2921 498 2983 mvergens
517 2899 615 2985 tepidi
633 2900 796 2965 carchesia
811 2901 903 2966 lactis

150 2985 249 3051 verba
266 2984 359 3049 simul
377 2982 460 3049 fudit
475 2996 663 3068 terrenaque
679 2986 812 3050 numina
830 2986 905 3051 civit

150 3071 399 3154 umbrarumque
416 3081 508 3155 rogat
524 3082 617 3155 rapta
634 3092 708 3135 oum
725 3070 860 3156 coniuge
877 3093 996 3157 regern,

149 3177 191 3221 ne
208 3177 265 3242 pro
289 3167 376 3220 erent
394 3167 480 3219 artus
497 3156 604 3220 anima
619 3155 768 3221 fraudare
785 3156 885 3220 senili.
1189 3180 1239 3232 250

150 3262 230 3325 quos
247 3177 303 3305 ubi
320 3240 458 3325 placavit
474 3239 684 3327 precibusque
701 3251 734 3306 et
750 3263 911 3306 murmure
927 3243 1034 3328 longo,

149 3325 288 3391 Aesonis
306 3325 437 3391 effetum
454 3325 588 3411 proferri
606 3347 721 3411 corpus
739 3327 780 3390 ad
798 3349 891 3391 auras

149 3410 253 3486 iussit,
272 3421 304 3476 et
320 3411 354 3474 in
370 3411 481 3558 plenos
496 3411 670 3476 resolutum
688 3412 828 3476 carmine
845 3434 973 3477 somnos

150 3495 287 3562 exanimi
304 3495 375 3560 simi
388 3518 439 3560 em
456 3496 562 3561 stratis
578 3498 719 3581 porrexit
735 3497 768 3561 in
785 3496 902 3563 herbis.

148 3581 223 3647 hinc
238 3581 349 3667 procul
365 3580 564 3658 Aesoniden,
581 3582 692 3667 procul
709 3581 783 3647 hino
799 3582 888 3647 iubet
904 3582 950 3648 irc
967 3583 1126 3649 ministros
1187 3605 1236 3655 255

149 3680 181 3732 et
197 3678 306 3731 monet
322 3665 445 3730 arcanis
462 3666 571 3731 oculos
587 3689 750 3732 removere
767 3668 928 3752 profanos.

148 3751 322 3837 diffugiunt
338 3750 427 3814 iussi.
492 3751 571 3815 assis
588 3751 708 3817 Medea
726 3751 846 3837 capillis

148 3837 359 3901 bacchantum
377 3835 440 3907 ritu
480 3848 627 3919 agrantes
644 3837 755 3902 circuit
772 3860 853 3914 aras,

147 3920 382 4004 multifidasque
398 3921 485 3986 faces
502 3920 535 3985 iu
552 3921 639 3986 fossa
656 3922 820 4008 sanguinis
838 3933 906 3988 atra

146 4007 263 4093 tinguit
281 4018 313 4071 et
329 4005 477 4071 intinctas
494 4005 630 4091 geminis
647 4007 792 4072 accendit
808 4008 841 4071 in
860 4009 935 4073 aris:
978 4009 989 4036 ⁹
1097 4050 1099 4054 .
1184 4030 1234 4080 tuo

145 4104 257 4179 terque
274 4112 383 4158 senem
399 4092 543 4171 flamma,
561 4101 610 4158 ter
626 4113 724 4179 aqua,
741 4103 790 4160 ter
805 4093 956 4181 sulphure
972 4095 1094 4161 lustrat.
