2800 4500
281 282 646 367 unrnnonsnosnon
662 281 735 340 nra.
756 282 838 340 xm.
856 282 999 340 res-sm
1089 266 1151 347 231

133 408 197 474 huc
214 406 300 474 ferus
318 408 459 474 aseendit
477 406 616 494 Cyclops
633 406 821 491 mediusque
837 406 966 485 resedit3

133 492 293 579 lanigerae
310 493 448 579 pecudes
465 493 552 559 nullo
570 494 706 560 ducente
723 503 861 559 secutae.
1172 511 1223 562 780

133 580 185 645 cui
202 593 371 665 postquam
387 579 495 664 pinus,
513 578 618 644 baculi
635 600 718 663 quae
735 577 883 664 praebuit
900 600 1004 654 usum,

134 675 207 729 ante
224 665 321 749 pedes
360 664 441 730 osita
458 676 506 730 est
523 663 678 730 antemnis
696 676 773 749 apta
789 662 938 741 ferendis,

133 762 322 836 sumptaque
338 688 568 815 iiamndinibus
586 761 752 836 compacta
768 759 817 815 est
833 748 940 814 fistula
957 757 1092 824 centurn,

133 846 299 900 senserunt
315 835 371 900 toti
388 836 528 921 pastoria
545 834 638 900 sibila
654 846 788 912 montes,

132 931 297 985 senserunt
313 920 428 985 undae.
471 921 598 985 latitans
616 941 677 1005 ego
693 942 774 1006 rupe
791 920 917 1003 meique

132 1006 244 1071 Acidis
261 1006 294 1069 in
311 1006 433 1091 gremio
450 1006 605 1082 residens,
623 1007 734 1090 procul
751 1005 880 1070 auribus
897 1003 990 1070 hausi

132 1091 207 1156 talia
224 1090 308 1155 dicta
325 1091 403 1155 meis
421 1091 593 1174 auditaque
612 1089 711 1155 verba
733 1089 855 1157 notavi:

131 1175 320 1257 “candidior
336 1175 412 1241 folio
429 1174 528 1254 nivei,
547 1173 697 1253 Galatea,
714 1174 850 1261 ligustri,

130 1258 270 1326 floridior
286 1260 399 1346 pratis,
415 1261 513 1347 longa
529 1261 688 1346 procerior
705 1261 788 1337 alno,
889 1322 893 1329 .

131 1346 325 1433 splendidior
341 1345 433 1422 vitro,
451 1357 559 1412 tenero
576 1344 723 1412 lascivior
739 1346 852 1425 haedo,

130 1432 231 1497 levior
247 1431 375 1496 assiduo
393 1431 512 1497 detritis
530 1453 667 1515 aequore
685 1431 824 1508 conchis,

131 1516 250 1582 solibus
266 1515 419 1594 hibernis,
438 1516 557 1583 aestiva
574 1516 694 1603 gratior
710 1516 834 1593 umbra,
885 1521 887 1523 ’

129 1602 264 1668 nobilior
280 1602 401 1688 palma,
417 1602 545 1687 platano
563 1602 760 1687 conspectior
777 1601 852 1679 alta,

129 1687 263 1753 lucidior
279 1688 396 1773 glacie,
414 1699 539 1754 matura
555 1688 678 1753 dulcior
693 1709 768 1765 uva,

128 1773 253 1838 mollior
269 1783 301 1840 et
318 1773 409 1858 cycni
424 1773 541 1859 plumis
559 1783 590 1838 et
606 1773 688 1838 lacte
706 1784 826 1848 coacto,

129 1860 183 1938 †et
196 1858 223 1922 si
237 1880 301 1924 non
318 1858 439 1944 fugias,
455 1858 548 1942 riguo
565 1857 734 1922 formosior
749 1856 855 1921 hortor

129 1943 253 2010 saevior
268 1942 429 2008 indomitis
446 1944 558 2008 eadem
576 1940 714 2008 Galatea
729 1941 882 2019 iuvencis,

130 2028 238 2093 durior
254 2050 375 2093 annosa
392 2048 524 2110 quercu,
542 2026 685 2091 fallacior
700 2026 804 2101 undis,

129 2113 243 2178 lentior
259 2125 291 2178 et
309 2111 412 2177 salicis
429 2111 527 2198 virgis
544 2122 577 2177 et
593 2110 712 2196 ritibus
729 2110 819 2187 albis,
906 2185 909 2190 ¹

129 2198 179 2263 his
195 2197 385 2263 immobilior
402 2197 552 2283 scopulis,
569 2195 735 2264 violentior
751 2216 855 2274 amne,

19 2343 22 2348 .
129 2284 258 2349 laudato
276 2305 400 2369 pavone
418 2283 593 2368 superbior,
611 2282 714 2348 acrior
730 2282 808 2369 igni,

129 2369 269 2454 asperior
285 2368 423 2445 tribulis,
441 2369 507 2434 feta
523 2369 730 2434 truculentior
746 2391 830 2445 ursa,

129 2455 253 2520 surdior
269 2453 475 2538 aequoribus,
493 2455 612 2520 calcato
629 2454 780 2519 immitior
796 2453 908 2539 hydro,

128 2552 175 2618 et,
192 2541 279 2625 quod
295 2540 465 2626 praecipue
482 2541 596 2606 vellem
613 2540 672 2604 tibi
688 2540 815 2606 demere
832 2560 969 2624 possem,

127 2648 192 2691 non
209 2638 333 2691 tantum
351 2648 444 2692 cervo
462 2626 554 2691 claris
571 2625 736 2691 latratibus
754 2635 836 2702 acto,

128 2734 239 2777 verum
256 2711 352 2778 etiam
368 2711 471 2777 ventis
488 2711 671 2794 volucrique
688 2709 834 2796 fugacior
850 2707 941 2775 aurel

69 2870 70 2874 Ἰ
129 2809 163 2862 at
179 2797 260 2862 bene
277 2797 420 2874 sineris,
438 2795 547 2882 pigeat
563 2795 698 2881 fugisse,
716 2816 884 2879 morasque

127 2881 198 2968 ipsa
214 2893 285 2946 tuas
303 2881 448 2958 damnes,
466 2893 498 2946 et
514 2903 566 2946 me
583 2880 717 2946 retinere
734 2879 869 2945 labores.

129 2978 201 3032 sunt
219 2966 311 3043 mihi,
328 2989 401 3051 pars
419 2966 548 3042 montis,
566 2965 639 3029 vivo
656 2964 827 3050 pendentia
844 2985 921 3029 saxo

128 3063 232 3129 antra,
250 3051 366 3135 quibus
382 3074 443 3117 nec
460 3051 507 3116 sol
523 3051 629 3116 medio
647 3050 780 3115 sentitur
796 3049 830 3114 in
846 3060 935 3114 aestu

127 3160 187 3204 nec
204 3136 337 3202 sentitur
352 3137 463 3201 hiems.
507 3146 581 3201 sunt
596 3158 691 3222 poma
707 3134 874 3221 gravantia
891 3156 994 3199 ramos
999 3158 1009 3212 3

128 3234 202 3288 sunt
220 3244 298 3287 auro
316 3222 433 3287 similes
450 3222 554 3307 longis
571 3222 605 3285 in
622 3220 741 3286 vitibus
758 3242 850 3298 uvae,

129 3319 202 3372 sunt
219 3318 251 3373 et
267 3328 458 3393 purpureae:
476 3306 535 3372 tibi
552 3319 583 3373 et
599 3306 657 3372 has
676 3328 839 3371 servamus
857 3316 890 3370 et
906 3305 986 3369 illas.

128 3392 198 3476 ipsa
214 3393 276 3456 tuis
294 3391 440 3456 manibus
457 3392 593 3458 silvestri
609 3401 685 3456 nata
702 3391 762 3456 sub
779 3390 893 3456 umbra

128 3477 235 3542 mollia
251 3478 343 3562 fraga
359 3477 461 3562 leges,
478 3478 548 3563 ipsa
565 3476 761 3542 autumnalia
777 3498 874 3541 corna

127 3584 307 3647 prunaque,
325 3585 390 3626 non
406 3562 509 3626 solum
526 3563 617 3649 nigro
635 3562 764 3628 liventia
781 3583 868 3638 suco,

128 3670 238 3714 verum
255 3648 350 3713 etiam
368 3669 522 3732 generosa
538 3669 701 3731 novasque
717 3645 874 3711 imitantia
890 3668 989 3712 ceras.

127 3755 186 3797 nec
204 3732 262 3797 tibi
279 3745 446 3798 castaneae
463 3754 515 3798 me
533 3733 667 3819 coniuge
684 3755 744 3798 nec
761 3731 819 3797 tibi
837 3732 970 3797 deerunt

127 3818 250 3883 arbutei
267 3818 365 3883 fetus:
383 3817 485 3882 omnis
502 3816 560 3882 tibi
577 3818 692 3885 serviet
710 3818 813 3882 arbos.

125 3903 187 3968 hoc
199 3926 296 3988 pecus
311 3925 403 3969 omne
416 3925 523 3968 meum
536 3915 597 3968 est:
615 3904 734 3968 multae
743 3924 869 3986 quoque
883 3902 1019 3968 vallibus
1033 3914 1146 3982 errant,
1164 3923 1214 3974 820

125 3988 241 4054 multas
259 3989 339 4054 silva
356 3989 449 4075 tegit,
466 3987 585 4054 multae
602 3988 801 4054 stabulantur
817 3989 850 4053 in
868 3989 975 4054 antris.
1022 3993 1024 3995 ’

124 4096 199 4153 nec,
218 4074 245 4139 si
262 4075 343 4141 forte
361 4096 469 4164 roges,
485 4074 603 4161 possim
622 4073 680 4142 tibi
697 4074 816 4151 dicere,
834 4086 913 4159 quot
930 4075 1006 4143 sinte
