2800 4500
256 254 319 321 178
587 265 621 321 Ρ.
640 265 765 325 OVIDII
782 264 946 325 NASONIS

255 404 291 458 ut
307 402 431 478 pereat,
449 390 477 457 si
493 413 545 456 me
561 390 643 455 Fors
660 389 707 455 illi
724 390 805 454 dura
821 388 965 477 negarit?

187 497 237 547 666
255 478 332 542 dum
348 477 437 555 licet,
455 476 587 561 hospes,
604 475 672 553 abi,
688 475 909 559 thalamosque
926 474 1070 558 relinque
1087 486 1244 541 cruentos.

254 563 436 649 coniugium
455 562 582 627 crudele
599 583 708 626 meum
726 571 783 626 est.
827 561 886 626 tibi
902 560 1023 625 nubere
1040 561 1129 625 nulla

254 648 353 724 nolet,
372 660 404 713 et
419 646 522 733 optari
539 656 628 732 potes
646 670 666 712 a
682 646 826 732 sapiente
842 647 959 748 puella.

254 755 311 799 cur
328 745 435 799 tamen
452 745 500 798 est
515 732 595 796 mihi
611 753 688 798 cura
705 731 767 808 tui,
785 741 832 796 tot
848 754 912 795 ram
930 741 1003 797 ante
1019 730 1210 818 peremptis?

254 818 380 884 videritl
398 818 547 893 intereat,
564 817 721 901 quoniam·
733 827 780 882 tot
797 817 894 883 caede
901 838 1079 965 tprocorum

187 924 236 973 625
255 903 434 969 admonitus
451 925 516 968 non
532 914 594 979 est,
612 902 781 988 agiturque
797 902 831 967 in
848 912 899 967 tae
921 902 954 966 ia
969 901 1065 968 vitae.

255 988 378 1055 occidet
394 988 446 1054 hic
462 988 570 1073 igitur,
587 988 688 1053 voluit
705 987 781 1071 quia
797 987 904 1053 vivere
922 987 1066 1053 mecum?

253 1075 482 1161 indignamque
498 1095 610 1139 necem
626 1072 764 1158 pretium
780 1071 920 1159 patietur
936 1072 1071 1137 amoris?

254 1181 318 1225 non
336 1161 395 1225 erit
412 1158 550 1224 invidiae
568 1159 700 1224 victoria
717 1173 826 1224 nostra
841 1157 1001 1224 ferendae.

255 1245 391 1312 sednon
410 1244 503 1330 culpa
519 1265 592 1309 mea
609 1255 667 1309 est.
711 1244 833 1309 utinam
850 1243 1001 1309 desistere
1016 1243 1129 1309 vellesl

188 1350 238 1400 666
255 1341 325 1409 aut,
344 1329 493 1414 quoniam
511 1352 545 1395 es
563 1329 708 1404 demens,
726 1328 847 1394 utinam
864 1328 1003 1395 velocior
1019 1328 1119 1395 essesl

255 1428 288 1481 at
305 1437 402 1500 quam
418 1415 579 1500 virgineus
596 1414 710 1502 puerili
728 1415 835 1480 vultus
851 1414 885 1478 in
901 1436 956 1480 ore
974 1413 1036 1480 estl

256 1525 290 1577 a,
306 1501 403 1566 miser
419 1501 637 1586 Hippomene,
654 1500 773 1566 nollem
789 1499 847 1565 tibi
863 1499 933 1565 visa
948 1497 1094 1566 fuisseml

255 1586 362 1653 vivere
380 1585 496 1672 dignus
513 1607 592 1651 eras.
636 1585 724 1668 quod
740 1584 768 1650 si
784 1584 906 1651 felicior
921 1607 1024 1651 essem

255 1694 315 1737 nec
330 1671 409 1735 mihi
426 1670 609 1757 coniugium
626 1670 694 1735 fata
710 1670 892 1757 importuna
907 1681 1071 1821 neparent,

189 1776 237 1826 666
255 1779 338 1821 unus
356 1779 440 1834 eras,
458 1778 532 1821 aum
549 1777 612 1840 quo
631 1754 752 1822 sociare
768 1755 885 1821 cubilia
901 1778 941 1821 ve
965 1755 1057 1823 em.'''

256 1842 393 1906 dixerat:
410 1852 509 1942 utque
525 1841 614 1907 rudis
631 1842 798 1927 primoque
816 1838 976 1927 Cupidine
993 1852 1088 1917 tacta,

256 1927 334 2011 quid
351 1926 441 2004 velit,
458 1948 623 2013 1gnorans,
641 1937 728 1991 amat
744 1938 776 1992 et
792 1949 856 1992 non
873 1927 968 1992 sentit
984 1948 1134 1993 amorem.

256 2011 321 2077 iam
338 2013 446 2077 solitos
486 2023 599 2077 escunt
615 2034 726 2078 cursus
743 2013 942 2098 populusque
958 2023 1122 2098 paterque,

257 2119 330 2162 cum
346 2120 399 2164 me
416 2119 453 2163 so
476 2098 549 2163 'cita
565 2098 669 2184 proles
687 2098 738 2163 Ne
761 2097 851 2163 lunia
867 2119 946 2164 voce

189 2204 239 2254 640
255 2183 382 2248 invocat
396 2184 624 2269 Hippomenes,
637 2121 939 2269 “‘Cytllerea'”que,
952 2188 983 2220 “‘
990 2203 1181 2269 comprecor,
1188 2183 1281 2250 ausis

256 2268 373 2334 adsit''’
391 2270 436 2335 ait
453 2268 602 2334 “‘nostris
619 2281 667 2346 et,
684 2290 765 2353 quos
784 2269 881 2345 dedit,
899 2269 1028 2335 adiuvet
1044 2270 1176 2356 igneam

257 2354 369 2420 detulit
386 2377 463 2419 aura
480 2377 590 2439 preces
607 2355 717 2419 adme
734 2376 798 2419 non
815 2354 924 2420 invida
941 2354 1088 2420 blandas:

256 2451 406 2523 motaque
424 2462 509 2514 sum,
527 2439 638 2505 fateor.
682 2462 742 2505 neo
759 2441 829 2525 opis
846 2462 936 2505 mora
951 2441 1048 2541 longa
1065 2440 1210 2507 dabatur.

257 2535 305 2590 est
322 2547 408 2624 ager,
427 2524 826 2610 indigenae'Tamasenum
843 2526 970 2592 nomine
988 2526 1106 2602 dicunt,

190 2631 239 2680 646
257 2610 376 2675 16116116
396 2607 534 2694 Cypriae
551 2632 625 2695 pars
643 2610 777 2710 optima,
795 2631 893 2694 quam
910 2610 988 2675 mihi
1004 2612 1100 2698 prisci

257 2716 421 2760 sacravere
439 2717 545 2771 senes,
563 2696 752 2780 templisque
769 2697 920 2762 accedere
938 2697 1045 2763 dotem

256 2779 339 2844 hanc
355 2779 476 2845 iussere
492 2779 581 2846 meis.
624 2780 730 2846 medio
746 2781 826 2847 nitet
843 2782 938 2847 arbor
954 2781 989 2848 in
1006 2804 1093 2860 arvo,

256 2864 346 2929 fulva
363 2887 500 2942 comam,
518 2865 607 2930 fulvo
625 2866 721 2931 ramis
738 2867 964 2952 crepitantibus
981 2890 1069 2932 auro.

257 2950 332 3015 hinc
348 2950 409 3014 tria
425 2950 507 3015 forte
524 2973 595 3016 mea
612 2951 743 3017 veniens
760 2952 910 3039 decerpta
925 2953 1067 3018 ferebam

189 3055 239 3104 666
257 3058 355 3101 aurea
371 3057 466 3122 poma
483 3059 594 3100 manu:
611 3038 755 3121 nullique
772 3037 909 3103 videnda
925 3038 985 3103 nisi
1003 3037 1013 3101 i
1036 3039 1064 3103 si

256 3120 482 3206 Hippomenen
500 3122 564 3185 adii
581 3121 753 3205 docuique,
772 3122 842 3206 quis
859 3146 938 3188 usus
954 3123 988 3188 in
1005 3061 1076 3188 illis.

256 3205 348 3291 signa
365 3206 461 3271 tubae
479 3205 644 3283 dederant,
662 3217 737 3271 cum
753 3229 879 3274 carcere
896 3230 1015 3294 pronus
1031 3223 1164 3294 uterque

257 3291 385 3369 emicat,
403 3306 434 3356 et
452 3313 608 3356 summam
626 3292 721 3357 celeri
738 3293 818 3378 pede
834 3293 913 3359 libat
930 3294 1090 3360 harenam.

255 3398 350 3462 posse
367 3388 459 3462 putes
476 3376 548 3441 illos
565 3377 650 3442 sicco
667 3377 749 3442 freta
766 3378 878 3444 radere
894 3402 991 3466 passu

189 3480 238 3531 666
257 3472 289 3526 et
305 3461 422 3546 segetis
441 3482 539 3527 canae
557 3472 676 3527 stantes
692 3484 876 3548 percurrere
893 3464 1015 3531 aristas.

256 3545 397 3611 adiciunt
414 3548 536 3611 animos
552 3547 660 3613 iuveni
677 3549 859 3633 clamorque
876 3549 1029 3634 favorque

255 3630 416 3714 verbaque
434 3631 595 3698 dicentum
612 3638 748 3710 “‘nunc,
765 3656 851 3699 nunc
867 3634 1050 3702 incumbere
1070 3648 1206 3723 tempus,

255 3716 472 3864 Hippomene,
490 3716 638 3804 propera!
657 3739 743 3783 nunc
759 3718 879 3784 viribus
896 3731 985 3788 utere
1002 3721 1090 3786 totis:

256 3823 297 3887 pe
320 3822 339 3864 6
355 3823 476 3867 moram
481 3850 491 3880 ,
509 3802 657 3867 vinces.''’
701 3802 849 3882 dubium,
866 3804 1052 3892 Megareius
1069 3808 1163 3873 heros

189 3906 240 3955 666
256 3883 395 3985 gaudeat
413 3908 454 3950 an
471 3887 570 3989 virgo.
580 3887 682 3974 magis
699 3888 750 3953 his
768 3887 947 3956 Schoeneia
964 3892 1065 3957 dictis.

256 3992 276 4034 o
293 3980 454 4052 quomens,
472 3993 624 4037 cum1am
642 3984 750 4059 posset
766 3976 913 4051 transire,
930 3987 1054 4043 morata
1071 3989 1120 4044 est

256 4065 477 4141 spectatosque
495 4056 551 4125 diu
566 4060 672 4126 vultus
690 4059 790 4127 invita
806 4061 947 4147 reliquitl
