2800 4500
258 262 321 330 180
592 273 626 329 Ρ.
646 270 771 331 OVIDII
788 269 951 329 NASONIS

257 399 323 465 effu
346 421 379 476 e,
397 421 438 465 ne
455 398 555 463 virtus
572 407 629 463 tua
646 396 687 461 sit
704 397 858 461 damnosa
875 391 1031 460 duobus.''
1215 448 1216 451 ,

298 421 360 549 Ilia
376 483 505 568 quidem
523 482 645 547 monuit
661 481 840 566 iunctisque
856 503 915 567 per
931 485 1005 580 aera
1022 476 1130 563 ayonis
1172 472 1281 529 Adana

257 569 358 656 carpit
374 569 443 635 iter.
488 569 545 634 sed
562 577 625 633 stat
641 567 769 633 monitis
787 565 944 632 contraria
960 574 1072 630 virtus.

190 676 240 724 710
257 655 338 720 forte
357 676 446 720 suem
463 653 593 719 latebris
610 652 746 739 vestigia
758 662 850 753 ‚certa
866 650 967 716 secuti

257 740 402 806 excivere
420 762 528 817 canes,
548 738 698 823 silvisque
716 760 802 803 exue
819 747 985 823 parantem

256 826 369 892 fixerat
386 825 515 910 obliquo
532 824 655 890 iuvenis
673 821 843 908 Cinyreius
860 823 935 887 ictu.

258 908 403 997 protinus
420 909 560 977 excussit
576 908 682 995 pando
699 908 858 974 venabula
873 918 975 973 rostro

259 996 414 1083 sanguine
431 997 529 1061 tincta
546 1017 615 1072 suo,
633 994 855 1080 trepidumque
872 1003 905 1058 et
921 1001 989 1058 tuta
1005 1001 1166 1078 petentem

190 1100 238 1151 t15
256 1095 331 1148 trux
348 1104 425 1168 aper
440 1079 627 1165 insequitur,
645 1090 792 1163 totosque
809 1077 870 1144 sub
886 1078 919 1142 in
965 1076 1017 1141 ine
1030 1077 1145 1152 ¹tientes

257 1167 380 1234 abdidit
397 1177 430 1232 et
446 1167 536 1234 fulva
552 1164 779 1230 moribundum
796 1164 908 1230 stravit
946 1185 1052 1229 arena.

256 1262 350 1318 vecta
365 1253 429 1318 levi
446 1274 542 1317 curru
557 1250 679 1316 medias
698 1247 860 1336 Cytherea
876 1271 935 1335 per
951 1271 1044 1315 auras

258 1332 389 1423 Cypron
406 1340 534 1406 olorinis
551 1340 694 1405 nondum
711 1348 899 1425 pervenerat
915 1337 988 1402 alis:

166 1476 169 1482 .
259 1420 389 1506 agnovit
405 1419 459 1484 lon
482 1441 501 1484 e
517 1420 672 1504 gemitum
688 1418 866 1496 morientis,
884 1429 917 1484 et
933 1417 1022 1484 albas

190 1522 240 1572 tto
257 1504 347 1570 flexit
364 1526 440 1570 aves
458 1504 466 1519 '
491 1525 542 1569 uo.
585 1514 684 1589 utque
702 1504 830 1571 aethere
846 1502 926 1569 vidit
943 1503 984 1569 ab
1002 1505 1066 1569 alto

258 1589 437 1655 exanimem
454 1589 551 1673 inque
568 1610 627 1655 suo
643 1589 814 1656 iactantem
831 1589 985 1676 sanguine
1003 1611 1128 1676 corpus,

258 1675 387 1741 desiluit
403 1674 584 1761 pariterque
601 1675 707 1740 sinum
724 1675 906 1761 pariterque
923 1674 1054 1760 capillos

257 1760 357 1846 rupit,
375 1771 408 1826 et
423 1759 562 1845 indignis
580 1760 737 1846 percussit
753 1771 883 1846 pectora
899 1760 1024 1847 palmis.

258 1858 433 1929 questaque
451 1867 523 1910 cum
540 1845 615 1911 fatis
634 1852 692 1910 “at
709 1867 774 1910 non
790 1856 897 1911 tamen
914 1845 1021 1911 omnia
1038 1844 1135 1910 vestri

191 1949 240 1999 725
257 1931 335 1996 iuris
352 1930 468 1996 erunt''
486 1929 580 1996 dixit:
598 1931 728 1996 “luctus
745 1931 939 1997 monimenta
956 1931 1130 1997 manebunt

258 2039 392 2103 semper,
409 2017 535 2094 Adoni,
551 2016 629 2095 mei3
647 2017 845 2104 repetitaque
861 2017 971 2082 mortis
988 2016 1096 2103 imago

174 2181 178 2190 Ι
258 2125 365 2167 annua
380 2102 542 2189 plangoris
559 2114 690 2189 peraget
708 2102 909 2168 simulamina
924 2101 1034 2168 nostri.

257 2200 291 2254 at
308 2209 401 2255 cruor
417 2188 450 2255 in
467 2188 577 2254 florem
594 2188 778 2256 mutabitur.
822 2212 863 2255 an
881 2188 939 2255 tibi
956 2187 1117 2274 quondam

257 2275 412 2340 femineos
429 2286 516 2341 artus
533 2275 567 2339 in
585 2277 705 2341 olentes
723 2287 846 2341 vertere
862 2275 1019 2354 menthae,

191 2378 240 2430 tto
257 2360 478 2445 Persephone,
494 2360 597 2425 licuit:
615 2361 708 2426 uobis
727 2358 895 2446 Cinyreius
913 2360 1006 2427 heros

257 2445 395 2511 insidiae
412 2457 553 2511 mutatus
571 2445 672 2512 erit?’'
701 2446 748 2512 sic
765 2446 833 2511 fata
850 2468 993 2512 cruorem

258 2541 385 2597 nectare
403 2531 534 2597 odorato
552 2531 681 2616 sparsit,
699 2532 755 2615 qui
772 2542 875 2597 tactus
893 2531 1006 2597 abillo

257 2615 409 2681 intumuit
426 2617 486 2694 sic,
504 2627 539 2681 ut
556 2616 665 2702 pluvio
682 2617 845 2703 perlucida
862 2618 950 2683 caelo

258 2723 389 2788 surgere
406 2701 494 2767 bulla
511 2702 600 2768 solet.
643 2725 704 2768 nco
720 2704 816 2787 plena
831 2702 957 2789 longior
972 2702 1051 2768 hora

191 2805 240 2855 tes
257 2786 343 2852 facta
359 2809 449 2852 mora
465 2798 526 2863 est,
544 2809 618 2853 eum
635 2788 693 2853 flos
712 2789 752 2853 de
770 2787 926 2875 sanguine
943 2789 1091 2854 concolor
1107 2799 1204 2864 ortus,

257 2874 399 2955 qualem,
417 2894 499 2956 qnae
516 2873 602 2938 lento
620 2875 725 2940 celant
741 2872 802 2939 sub
819 2872 935 2940 cortice
952 2896 1099 2960 greum,

257 2962 375 3044 punica
397 2958 481 3024 ferre
498 2958 610 3024 solent.
654 2958 760 3026 brevis
777 2970 948 3025 esttamen
965 2981 1042 3024 usus
1059 2959 1093 3023 in
1109 2958 1178 3024 illos

256 3064 395 3128 namque
413 3045 495 3109 male
512 3043 694 3110 haerentem
713 3055 745 3109 et
761 3044 859 3110 nimia
875 3045 1002 3110 levitate
1020 3043 1177 3111 caducum

257 3131 422 3195 excutiunt
437 3130 538 3206 idem,
555 3129 612 3215 qni
627 3140 791 3217 praestant
807 3130 946 3208 nomina,
963 3129 1070 3196 venti?

586 3380 704 3456 nmen
719 3399 954 3459 unnscruus.

258 3552 408 3622 Carmine
426 3557 502 3622 dum
520 3557 576 3622 tali
594 3557 689 3623 silvas
708 3557 892 3641 animosque
909 3558 1049 3624 ferarum
1158 3572 1281 3643 orphan

256 3641 423 3707 Threicius
441 3654 528 3707 vates
547 3653 580 3707 et
597 3665 674 3707 saxa
691 3643 857 3727 sequentia
874 3643 971 3721 ducit,

257 3748 331 3792 ecoe
348 3749 447 3793 nurus
466 3725 638 3806 Ciconum,
656 3738 759 3794 tectae
775 3728 940 3815 lymphata
957 3729 1065 3795 ferinis

280 3823 387 3877 ectora
404 3812 722 3890 velleribus,·tumuli
738 3813 778 3880 de
796 3815 914 3880 vertice
931 3825 1064 3881 cernunt

223 3918 240 3966 t
292 3898 390 3983 rphea
407 3898 565 3984 percussis
583 3899 758 3965 sociantem
775 3900 916 3965 carmina
931 3900 1047 3966 nervis.

199 4041 201 4050 .
258 4004 276 4046 e
294 3981 409 4065 quibus
427 4005 506 4060 una,
523 3983 610 4050 leves
628 3984 744 4050 iactato
762 3985 848 4050 crine
866 4008 924 4071 per
940 4007 1034 4050 auras

258 4067 334 4144 ‘en,'
352 4067 397 4134 ait
414 4073 468 4134 ‘en
486 4068 538 4135 hic
556 4081 604 4135 est
620 4070 720 4138 nostri
738 4070 963 4158 contemptorl'
981 4083 1014 4138 et
1030 4070 1154 4139 hastam
1273 4157 1277 4162 „
