2800 4500
293 241 661 303 METAMORPHOSEON
677 242 752 302 LIB.
770 243 819 303 IV.
838 245 983 304 ato-447.
1109 230 1152 300 65

129 368 274 452 falsaque
292 391 459 436 saevarum
475 370 643 436 simulacra
659 369 782 436 ululare
799 370 947 436 ferarum.

130 454 253 519 fumida
269 454 456 520 iamdudum
471 455 596 522 latitant
636 478 671 521 er
686 466 771 521 tecta
787 477 909 522 sorores
1168 476 1219 527 405

131 540 338 625 diversaeque
355 541 433 605 locis
450 541 541 627 ignes
559 564 597 608 ac
612 479 735 606 lhmina
751 541 861 606 vitant.

131 626 271 708 dumque
288 636 401 711 petunt
414 626 571 703 tenebras,
587 648 704 725 parvos
721 627 906 692 membrana
923 650 980 712 per
996 640 1084 693 artus

129 709 299 793 porrigitur
315 710 466 793 tenuique
482 710 615 775 includit
633 711 781 775 bracchia
798 711 905 793 pinna.

129 815 190 859 nec
206 815 271 878 qua
287 794 482 878 perdiderint
498 805 636 861 veterem
653 795 775 860 ratione
791 795 937 879 figuram,

131 879 211 944 scire
228 878 336 944 sinunt
353 879 511 944 tenebrae.
554 903 619 945 non
635 880 705 944 illas
722 880 832 966 pluma
848 881 979 946 levavit:
1167 900 1219 949 410

131 964 307 1029 sustinuere
324 976 431 1029 tamen
448 986 483 1030 se
500 965 734 1050 perlucentibus
751 965 819 1030 alis.

131 1060 326 1134 conataeque
343 1050 444 1133 loqui,
463 1051 626 1115 minrmam
642 1072 701 1137 pro
719 1056 849 1138 corpore
866 1072 977 1116 vocem

131 1133 278 1200 emittunt
292 1146 513 1221 peraguntque
529 1136 615 1202 leves
632 1136 765 1202 stridore
783 1138 937 1220 querelas.

131 1231 293 1304 tectaque,
309 1242 372 1285 non
392 1221 502 1298 silvas,
520 1221 680 1288 celebrant
685 1246 695 1300 3
712 1222 879 1305 lucemque
896 1243 1028 1307 perosae

130 1318 224 1372 nocte
240 1307 349 1371 rolant
366 1328 499 1390 seroque
511 1318 618 1371 tenent
636 1330 655 1370 a
672 1329 803 1392 vespere
820 1328 946 1371 nomen.
1167 1328 1218 1376 415

174 1391 260 1456 Tum
277 1413 352 1456 vero
369 1392 442 1455 totis
459 1391 579 1457 Bacchi
596 1390 801 1456 memorabile
817 1390 938 1456 Thebis
1045 1391 1094 1444 Ino
1106 1399 1130 1442 er
1140 1391 1218 1444 Meli·
1319 1410 1322 1415 ·

131 1498 249 1542 numen
267 1489 347 1552 erat,
365 1497 560 1561 magnasque
577 1476 653 1541 novi
668 1486 838 1541 matertera
855 1475 939 1542 vires
1087 1467 1175 1513 m·

131 1573 238 1629 narrat
253 1562 373 1645 ubique
391 1561 456 1640 dei,
474 1562 514 1627 de
531 1572 641 1645 totque
658 1561 817 1626 sororibus
835 1584 949 1648 expers

131 1671 196 1713 una
213 1648 330 1712 doloris
347 1658 428 1725 erat,
445 1647 506 1712 nisi
523 1668 619 1730 quern
634 1645 739 1712 fecere
756 1668 888 1712 sorores.

132 1757 167 1798 as
189 1732 244 1800 icit
260 1733 357 1809 hanc,
374 1733 456 1799 natis
473 1732 675 1816 thalamoque
693 1732 896 1798 Athamantis
914 1733 1084 1799 habentem
1168 1755 1220 1804 420

132 1756 283 1883 sublimes
300 1818 421 1884 animos
438 1829 470 1884 et
486 1817 614 1884 alumno
630 1817 774 1893 nurnine,
792 1818 885 1895 Iuno,

131 1926 192 1970 nec
208 1904 295 1981 tulit,
312 1915 345 1969 et
361 1925 468 1969 secum
487 1902 604 1989 ‘potuit
622 1902 662 1968 de
679 1903 801 1989 paelice
818 1915 912 1969 natus

131 2001 254 2055 vertere
270 1989 437 2054 Maeonios
454 1989 631 2075 pelagoque
647 1987 836 2074 immergere
853 2000 977 2067 nautas,

132 2084 165 2140 et
180 2075 349 2140 laceranda
365 2096 442 2140 suae
458 2073 524 2139 nati
542 2072 618 2139 dare
636 2075 758 2139 viscera
774 2073 866 2137 matri

132 2171 164 2226 et
181 2160 319 2246 triplices
335 2160 458 2246 operire
474 2159 564 2223 novis
580 2158 763 2244 Minyeidas
779 2157 852 2223 alis:

132 2246 177 2311 nil
194 2244 310 2332 poterit
325 2245 407 2312 Iuno
424 2245 485 2311 nisi
501 2244 618 2310 inultos
636 2244 713 2311 flere
731 2243 873 2309 dolores?

132 2332 228 2415 idque
244 2330 321 2396 mihi
339 2332 414 2397 satis
432 2330 499 2397 est?
515 2331 594 2396 haec
610 2353 676 2395 una
692 2330 834 2416 potentia
849 2341 958 2395 nostra
974 2332 1042 2396 est?

132 2416 200 2503 ipse
218 2416 324 2495 docet,
342 2418 420 2501 quid
438 2439 532 2502 agam
549 2416 613 2499 (fas
631 2427 679 2481 est
696 2427 729 2482 et
747 2416 788 2481 ab
806 2415 895 2481 hoste
913 2416 1044 2503 doceri),

133 2501 273 2587 quidque
290 2502 379 2568 furor
395 2503 513 2580 valeat,
530 2501 676 2567 Penthea
692 2500 789 2567 caede
807 2501 945 2586 satisque

132 2609 171 2653 ac
187 2610 284 2675 super
300 2588 445 2653 ostendit
488 2608 545 2652 eur
561 2610 625 2651 non
642 2587 821 2652 stimuletur
837 2598 951 2671 eatque

132 2696 191 2759 per
207 2685 344 2759 cognata
360 2674 427 2738 suis
444 2675 590 2757 exempla
606 2672 767 2737 furoribus
784 2672 876 2738 Inoi'

175 2757 235 2824 Est
253 2758 306 2823 via
322 2757 452 2824 declivis
469 2758 596 2822 funesta
611 2757 722 2822 nubila
738 2769 827 2823 taxo:

134 2845 221 2909 ducit
239 2844 280 2909 ad
296 2844 436 2909 infernas
454 2865 511 2928 per
527 2853 616 2907 muta
632 2842 758 2908 silentia
774 2842 875 2908 sedes.

134 2929 217 3014 Styx
234 2929 367 2993 nebulas
385 2929 490 2995 exalat
506 2928 604 3004 iners,
621 2928 816 3011 umbraeque
832 2939 975 2993 recentes

133 3014 328 3080 descendunt
344 3013 416 3078 illac
434 3013 663 3096 simulacraque
680 3012 791 3078 functa
808 3011 969 3098 sepulcris.

132 3096 247 3186 [pallor
263 3095 428 3182 hiemsque
445 3109 553 3164 tenent
570 3101 634 3164 late
652 3101 723 3164 loca
740 3110 844 3177 senta3
865 3099 1012 3182 novique,

131 3202 197 3264 qua
213 3181 254 3247 sit
269 3181 339 3260 iter,
355 3205 478 3259 manes,
498 3183 644 3269 Stygiam
661 3204 726 3269 qua
743 3185 838 3249 ducat
855 3185 896 3250 ad
913 3187 1035 3265 urbem,

131 3268 294 3352 ignorant,
311 3268 367 3331 ubi
385 3268 425 3332 sit
441 3268 524 3354 nigri
541 3269 610 3333 fera
626 3269 715 3355 regia
732 3267 843 3354 Ditis]

132 3352 218 3417 mille
235 3374 272 3417 oa
296 3376 337 3417 ax
354 3352 458 3418 aditus
476 3364 508 3419 et
524 3365 649 3439 apertas
666 3355 806 3439 undique
823 3367 930 3441 portas

132 3438 208 3502 urbs
225 3375 331 3503 hahet.
374 3449 472 3522 utque
489 3438 604 3504 fretum
624 3442 663 3505 de
681 3450 748 3505 tota
764 3442 896 3506 flumina
912 3452 1006 3519 terra,

132 3524 178 3587 sio
194 3544 304 3588 omnes
322 3522 442 3588 animas
458 3524 547 3589 locus
564 3525 678 3610 accipit
693 3526 761 3602 ille,
778 3548 838 3592 nec
854 3526 911 3591 ulli

132 3607 266 3692 exiguus
283 3608 403 3694 populo
420 3618 468 3673 est
484 3609 650 3696 turbamve
667 3611 817 3677 accedere
834 3611 938 3677 sentit.

133 3704 238 3757 errant
255 3716 417 3779 exangues
434 3693 502 3758 sine
519 3715 650 3781 corpore
666 3705 699 3762 et
715 3697 839 3761 ossibus
855 3696 998 3775 umbrae,

132 3798 269 3863 parsque
286 3778 391 3844 forum
408 3778 581 3857 celebrant,
598 3802 671 3866 pars
688 3778 744 3845 imi
762 3791 845 3846 tecta
861 3782 998 3868 tyranni,

132 3883 207 3946 pars
223 3862 344 3947 aliquas
362 3874 461 3941 artes,
478 3863 626 3947 antiquae
643 3864 817 3930 imitamina
833 3866 927 3932 vitae.

132 3946 266 4012 sustinet
282 3948 328 4014 ire
344 3948 420 4014 illuc
437 3949 564 4015 caelesti
581 3950 656 4015 sede
673 3950 782 4016 relicta
798 3987 842 4000 -

131 4041 256 4181 mappam
273 4033 353 4177 qdlilis
369 4035 499 4120 iraeque
515 4033 613 4102 dabat
628 4071 672 4083 —
689 4033 838 4103 Saturnia
854 4037 946 4104 Iuno.

240 4134 300 4177 tn.
332 4162 339 4176 .
961 4138 982 4197 6
