2800 4500
331 260 698 320 Murruosruosuou
714 261 786 317 um.
799 263 828 319 r.
847 264 990 320 562-649.
1128 249 1169 318 15

154 391 250 471 quem
267 395 435 471 postquam
451 387 539 452 caelo
556 407 619 450 non
636 384 788 472 repperit,
807 392 877 452 ‘aut
894 409 954 472 ego
970 386 1073 465 fallor,

154 482 209 536 aut
227 492 287 556 ego
305 469 427 535 laedor’
445 471 503 548 ait,
520 472 712 557 delapsaque
729 471 771 537 ab
789 471 914 538 aethere
932 494 1055 538 summo

155 555 292 622 constitit
308 555 342 620 in
359 555 450 622 terris
466 557 661 641 nebulasque
677 557 825 622 recedere
840 558 941 623 iussit

154 641 298 742 coniugis
315 639 486 707 adventum
503 653 721 727 praesenserat
738 643 834 726 inque
850 644 1010 709 nitentem

153 726 323 793 Inachidos
339 727 446 792 vultus
463 738 639 793 mutaverat
655 728 708 793 ille
726 728 902 794 iuvencam.
1187 749 1238 799 610

154 812 212 878 bos
229 833 356 896 quoque
373 810 512 878 formosa
528 822 586 879 est.
628 813 768 900 speciem
786 812 937 880 Saturnia
952 836 1079 892 vaccae,

154 919 348 982 quamquam
363 896 475 975 invita,
492 898 619 984 probat3
637 920 697 964 nec
714 920 778 964 non
795 910 827 965 et
843 899 933 964 cuius
950 910 983 966 et
999 901 1085 966 unde
1148 935 1150 939 ·

153 1005 257 1068 quove
274 982 315 1048 sit
331 993 483 1061 armento,
501 983 568 1048 veri
584 984 676 1068 quasi
691 984 800 1050 nescia
816 986 949 1069 quaerit.

152 1068 297 1155 Iuppiter
313 1090 331 1134 e
348 1078 432 1133 terra
448 1068 588 1154 genitam
604 1069 766 1147 mentitur,
783 1082 820 1135 ut
836 1081 947 1136 auctor

154 1154 277 1222 desinat
293 1153 419 1236 inquiri.
462 1153 540 1239 petit
556 1154 638 1219 hanc
657 1153 808 1221 Saturnia
824 1178 949 1220 munus.
1188 1175 1237 1226 615

153 1238 230 1325 quid
247 1238 362 1305 faciat?
379 1239 520 1316 crudele,
537 1261 611 1305 suos
629 1239 775 1306 addicere
793 1262 929 1306 amores:

153 1346 217 1390 non
235 1324 324 1402 dare,
342 1335 523 1410 suspectum
543 1336 600 1389 est.
643 1326 747 1410 pudor
765 1336 812 1391 est
829 1326 884 1409 qui
901 1326 1034 1391 suadeat
1050 1325 1146 1402 illinc,

153 1409 227 1475 hinc
244 1408 406 1475 dissuadet
423 1431 520 1479 amor.
562 1409 665 1475 victus
681 1408 786 1495 pudor
801 1420 884 1475 esset
902 1430 1023 1476 amores

73 1511 76 1516 ·
154 1496 225 1573 sed,
242 1495 312 1560 leve
329 1493 356 1560 si
373 1515 489 1560 munus
507 1494 610 1561 sociae
627 1495 816 1581 generisque
834 1494 956 1579 torique

153 1603 252 1647 vacca
268 1591 448 1667 negaretur,
464 1591 587 1666 poterat
603 1602 668 1645 non
685 1601 784 1646 vacca
799 1579 910 1646 videri.

155 1666 276 1752 paelice
293 1666 410 1732 donata
425 1687 489 1731 non
506 1665 649 1752 protinus
667 1666 754 1732 exuit
771 1687 897 1731 omnem

69 1776 71 1780 ·
155 1753 228 1817 diva
244 1762 378 1826 metum,
396 1750 563 1834 timuitque
579 1751 691 1816 Iovem
708 1761 741 1817 et
756 1751 818 1816 fuit
834 1750 929 1815 anxia
945 1749 1032 1828 furti,

154 1839 255 1903 donec
271 1834 476 1903 Arestoridae
492 1836 680 1901 servandam
697 1836 826 1902 tradidit
841 1836 943 1922 Argo.

153 1933 279 1988 centum
295 1922 468 1987 luminibus
485 1922 622 1987 cinctum
641 1932 738 2007 caput
753 1922 863 2006 Argus
881 1919 1033 1986 habebat:
1124 1935 1241 2003 (Arpos.)

153 2008 228 2075 inde
245 2007 310 2074 suis
327 2006 449 2073 vicibus
468 2006 635 2093 capiebant
651 2007 727 2073 bina
743 2006 892 2090 quietem,
1191 2023 1240 2072 625

154 2104 260 2160 cetera
275 2093 445 2168 servabant
460 2103 557 2177 atque
574 2091 608 2158 in
624 2091 759 2157 satione
775 2091 955 2157 manebant

154 2178 336 2252 constiterat
353 2199 554 2263 quocumque
570 2177 677 2256 modo,
695 2176 859 2264 spectabat
876 2176 918 2240 ad
934 2176 986 2241 Ior

154 2276 227 2331 ante
245 2265 353 2331 oculos
369 2265 420 2339 10,
438 2263 583 2348 quamvis
601 2286 745 2339 aversus,
762 2262 910 2329 habebat.

152 2351 225 2417 luce
242 2350 316 2415 sinit
332 2349 436 2451 pasci;
473 2371 546 2415 cum
563 2347 610 2414 sol
627 2349 739 2415 tellure
756 2349 817 2414 sub
834 2349 899 2413 alta
915 2357 974 2425 est,

154 2436 272 2502 claudit
289 2446 322 2501 et
338 2435 469 2520 indigno
486 2434 661 2500 circumdat
678 2435 806 2499 vincula
823 2434 913 2499 collo.

152 2521 319 2588 frondibus
336 2519 476 2586 arboreis
494 2530 526 2585 et
542 2542 650 2585 amara
665 2520 807 2605 pascitur
822 2519 931 2593 herba,

153 2628 276 2708 proque
292 2618 361 2671 toro
377 2616 479 2672 terrae
496 2626 561 2670 non
577 2623 702 2690 semper
718 2627 850 2690 gramen
866 2601 997 2669 habenti

151 2692 284 2758 incubat
299 2691 410 2757 infelix
426 2690 601 2774 limosaque
618 2689 750 2755 flumina
765 2700 864 2774 potat

152 2778 208 2843 illa
225 2776 321 2843 etiam
336 2798 397 2863 sup
419 2776 472 2842 lex
489 2776 581 2862 Argo
598 2797 671 2841 cum
688 2773 837 2840 bracchia
852 2775 946 2840 vellet

153 2862 296 2940 tendere,
313 2882 378 2927 non
394 2800 507 2927 habuit
523 2882 606 2944 quae
623 2859 772 2925 bracchia
789 2859 930 2924 tenderet
948 2859 1039 2944 Argo
1044 2883 1053 2935 3

154 2960 186 3014 et
203 2959 317 3013 conata
333 2947 423 3031 queri
440 2946 580 3032 mugitus
597 2945 695 3011 edidit
713 2966 767 3010 ore

153 3032 377 3119 pertimuitque
394 3054 487 3097 sonos
505 3030 696 3117 propriaque
713 3029 862 3095 exterrita
878 3050 956 3094 voce
974 3040 1031 3093 est

153 3117 241 3183 veuit
257 3128 289 3183 et
306 3118 348 3182 ad
364 3117 463 3203 ripas,
480 3116 538 3181 ubi
553 3116 662 3181 ludere
680 3138 775 3200 saepe
792 3114 923 3191 solebat,

153 3203 324 3268 Inachidas
340 3201 435 3304 ripas.
470 3222 616 3285 novaque
632 3212 667 3266 ut
686 3200 851 3286 conspexit
866 3199 900 3263 in
916 3198 1003 3263 unda

154 3310 287 3365 cornua,
303 3286 464 3373 pertrmuit
481 3308 579 3370 seque
597 3296 761 3351 externata
777 3284 904 3369 refugit.

152 3373 272 3439 Naides
289 3373 451 3458 ignorant:
468 3372 593 3457 ignorat
611 3381 644 3437 et
659 3369 798 3436 Inachus
815 3370 893 3454 ipse,

153 3480 235 3541 quae
252 3458 303 3523 sit
346 3474 381 3523 at
396 3456 452 3522 illa
468 3468 590 3543 patrem
608 3455 751 3538 sequitur
767 3454 971 3537 sequiturque
989 3474 1122 3529 sorores,

153 3556 185 3609 et
202 3544 322 3630 patitur
337 3543 427 3628 tangi
444 3563 542 3625 seque
559 3540 787 3606 admirantibus
804 3538 908 3604 offert.

153 3630 317 3715 decerptas
334 3627 440 3693 senior
457 3637 639 3712 porrexerat
655 3624 794 3690 Inachus
811 3623 940 3690 herbasr

151 3715 207 3780 illa
222 3735 337 3779 manus
353 3711 466 3777 lambit
482 3712 653 3797 patriisque
670 3710 726 3774 dat
742 3709 851 3775 oscula
867 3707 991 3793 palmis,

151 3821 212 3865 nec
228 3800 343 3865 retinet
358 3797 504 3862 lacrimas
522 3808 567 3874 et,
584 3796 612 3861 si
629 3795 724 3860 modo
741 3792 840 3859 verba
856 3804 1037 3876 sequantur,

152 3895 221 3950 oret
238 3905 332 3970 opem
349 3903 528 3966 nomenque
545 3903 640 3947 suum
657 3900 813 3962 casusque
828 3878 987 3961 loquatur.

152 3969 256 4034 littera
273 3990 330 4054 pro
348 3967 467 4042 verbis,
486 3988 581 4051 quam
599 3988 656 4052 pes
673 3965 707 4029 in
724 3964 855 4049 pulvere
873 3963 973 4041 duxit,

153 4052 293 4141 corporis
309 4052 461 4119 indicium
477 4051 591 4118 mutati
607 4049 696 4116 triste
712 4048 845 4137 peregit.
