2800 4500
187 351 190 355 .
298 296 665 355 METAMORPHOSEON
681 297 755 353 LIB.
774 299 811 354 X.
830 300 987 357 olo-toa·
1087 287 1148 354 179

126 421 233 487 aridus
250 444 269 488 e
286 422 369 487 lasso
387 421 535 488 veniebat
551 420 708 488 anhelitus
726 442 780 487 ore
785 446 796 500 ;

125 519 274 590 metaque
292 518 359 573 erat
375 508 484 593 longe:
502 518 569 572 tum
588 505 725 590 denique
742 507 783 572 de
799 507 900 573 tribus
918 531 1017 573 unum

125 591 244 657 fetibus
260 592 400 657 arboreis
417 594 521 678 proles
538 592 700 677 Neptunia
717 593 812 657 misit.
1151 614 1217 665 *665

125 678 278 762 obstipuit
294 677 394 764 virgo,
411 678 565 761 nitidique
582 678 731 763 cupidine
748 679 835 765 pomi

125 762 262 828 declinat
280 785 390 829 cursus
408 784 585 847 aurumque
601 762 741 828 volubile
759 764 849 828 tollit.

121 849 274 947 praeterit
290 849 524 934 Hippomenes:
542 860 692 914 resonant
709 850 889 934 spectacula
905 851 1029 935 plausu.

47 952 99 996 o
124 934 179 997 rlla
196 955 317 998 moram
334 934 428 1000 celeri
445 944 630 1017 cessataque
647 945 791 1019 tempora
808 956 902 1000 cursu

125 1018 254 1104 corrigit
270 1029 366 1103 atque
383 1019 498 1084 iterum
515 1020 663 1084 iuvenem
680 1030 753 1105 post
770 1030 861 1106 terga
877 1019 1036 1105 relinquit.
1166 1041 1218 1093 ero

124 1116 158 1168 et
173 1126 283 1169 rursus
300 1104 386 1189 pomi
403 1104 489 1168 iactu
507 1114 664 1169 remorata
681 1105 813 1170 secundi

124 1189 328 1272 consequitur
344 1190 518 1272 transitque
535 1189 649 1253 virum.
693 1212 767 1276 pars
785 1191 896 1256 ultima
914 1212 1025 1255 cursus

123 1274 273 1340 restabat.
304 1274 459 1339 “‘uunc'’'
476 1275 578 1358 inquit
596 1275 718 1351 “‘ades‚
735 1276 796 1341 dea
813 1277 952 1341 muneris
970 1276 1130 1343 auctorl’''

123 1358 220 1441 inque
238 1360 320 1423 latus
338 1358 457 1445 campi,
474 1380 538 1443 quo
554 1360 676 1425 tardius
692 1361 748 1426 illa
763 1362 891 1439 rediret,
1008 1428 1013 1441 ,

123 1443 197 1510 iecit
215 1444 256 1508 ab
274 1444 403 1527 oquuo
421 1444 555 1509 nitidum
571 1446 759 1511 iuvenaliter
776 1470 898 1511 aurum.
1165 1471 1215 1520 675

123 1553 164 1595 an
181 1540 316 1615 peteret,
334 1530 426 1615 virgo
442 1530 512 1595 viss
529 1542 577 1595 est
594 1532 755 1597 dubitare:
775 1533 866 1618 coegi

123 1616 231 1680 tollere
248 1626 280 1681 et
297 1615 398 1680 adieci
415 1616 540 1680 sublato
557 1617 699 1702 pondera
716 1618 810 1695 malo,

52 1724 102 1777 ὰ
122 1699 315 1786 impediique
333 1702 437 1766 oneris
453 1701 571 1787 pariter
588 1703 746 1787 gravitate
761 1724 924 1788 moraque.

122 1808 202 1850 neve
219 1808 309 1851 meus
327 1803 438 1853 sermo‘
448 1810 544 1852 cursu
561 1788 601 1852 sit
617 1788 738 1852 tardior
753 1788 839 1875 ipso:

121 1871 291 1955 praeterita
308 1883 357 1936 est
372 1872 477 1956 virg03
496 1873 586 1937 duxit
602 1895 662 1937 sua
678 1874 821 1958 praemia
837 1873 946 1940 victor.

121 1956 273 2042 dignane,
292 1956 344 2020 cui
361 1967 467 2042 grates
485 1969 607 2042 ageret,
625 1958 679 2023 cui
695 1959 775 2023 turis
793 1959 945 2025 honorem

121 2041 232 2116 ferret,
249 2040 373 2118 Adoni,
390 2041 456 2105 fui?
482 2064 542 2107 nec
558 2053 665 2127 grates
681 2043 849 2108 immemor
865 2047 931 2130 egit

121 2148 181 2192 nec
197 2125 275 2189 mihi
292 2137 364 2190 tura
382 2126 483 2191 deditl
510 2128 647 2192 subitam
665 2139 831 2193 convertor
848 2130 880 2194 in
897 2131 987 2208 ham,

121 2221 368 2296 contemptuque
385 2212 509 2289 dolens,
528 2235 567 2280 ne
586 2213 646 2277 sim
664 2214 843 2299 spernenda
859 2214 986 2295 futuris,

122 2298 267 2381 exemplo
286 2318 397 2374 caveo,
415 2318 529 2380 meque
546 2298 616 2383 ipsa
634 2300 782 2364 exhortor
798 2301 832 2364 in
849 2301 970 2366 ambos.

120 2383 252 2467 templa,
270 2380 365 2446 deum
382 2382 482 2446 Matri
499 2404 581 2467 quae
598 2384 759 2468 quondam
777 2386 880 2451 clarus
898 2385 1023 2453 Echion

122 2467 242 2533 fecerat
258 2490 298 2532 ex
316 2479 404 2544 voto,
423 2468 596 2534 nemorosis
614 2469 724 2534 abdita
741 2470 838 2548 silvis,

120 2553 310 2629 transibant,
329 2563 361 2618 et
377 2554 438 2618 iter
454 2553 586 2640 longum
603 2556 801 2640 requiescere
819 2558 928 2622 suasit.

119 2637 183 2703 illic
201 2638 387 2703 concubitus
404 2640 627 2725 intempestiva
644 2641 762 2726 cupido

120 2733 254 2808 occupat
270 2724 509 2809 Hippomenen,
528 2748 548 2789 a
563 2726 693 2791 numine
711 2726 834 2791 concita
851 2738 969 2792 nostro.

119 2808 247 2873 luminis
266 2809 374 2909 exigui
390 2809 495 2874 fuerat
512 2831 612 2895 prope
629 2813 749 2894 templa
765 2834 919 2891 recessus,

120 2894 289 2978 speluncae
307 2894 431 2970 srmilis,
448 2895 557 2959 nativo
573 2895 701 2980 pumice
718 2908 829 2974 tectus,

118 2977 270 3063 religione
287 3000 377 3043 sacer
393 2981 511 3065 prisca,
528 3001 592 3064 quo
609 2980 712 3046 multa
728 2983 875 3046 sacerdos

118 3062 224 3147 lignea
242 3065 417 3129 contrderat
434 3077 576 3130 veterum
594 3066 764 3131 simulacra
781 3067 922 3132 deorum.

7 3231 9 3234 Ι
119 3146 204 3213 hunc
220 3148 279 3212 init
295 3160 328 3213 et
344 3150 442 3215 vetito
460 3162 592 3217 temerat
609 3152 748 3216 sacraria
765 3152 892 3237 probra.

119 3255 209 3298 sacra
226 3245 418 3299 retorserunt
436 3236 559 3314 oculos3
577 3237 753 3322 turritaque
770 3239 887 3316 Mater,

118 3341 160 3383 an
178 3317 293 3404 Stygia
310 3331 430 3396 sontes,
449 3321 619 3398 dubitavit,
638 3334 796 3408 mergeret
813 3323 909 3387 unda.

117 3425 221 3489 poena
238 3404 317 3468 levis
335 3405 402 3468 visa
419 3419 475 3470 est.
521 3429 597 3493 ergo
615 3408 710 3472 modo
727 3408 810 3473 levia
827 3408 935 3473 fulvae

118 3488 199 3553 colla
214 3488 309 3554 iubae
327 3490 446 3566 velant,
465 3492 556 3577 digiti
573 3504 745 3557 curvantur
761 3494 794 3557 in
811 3515 946 3578 ungues,

2 3586 18 3605 ⁴·
118 3596 157 3638 ex
175 3573 293 3638 umeris
310 3575 390 3638 armi
406 3574 501 3651 fiunt,
517 3576 551 3641 in
568 3590 697 3663 pectora
713 3589 815 3643 toturn

37 3680 43 3707 ι
116 3659 241 3760 pondus
259 3658 338 3736 abit,
357 3682 500 3725 summae
517 3662 620 3726 cauda
637 3676 807 3728 verruntur
824 3663 972 3730 harenae.

116 3766 196 3808 iram
214 3745 320 3810 vultus
338 3743 448 3821 habet,
466 3767 523 3831 pro
540 3748 644 3812 verbis
661 3772 825 3814 murmura
841 3750 989 3827 reddunt,

116 3850 174 3915 pro
191 3828 337 3894 thalamis
355 3830 514 3896 celebrant
532 3832 641 3898 silvas:
660 3831 792 3917 ahisque
810 3835 941 3900 timendi

117 3915 211 3979 dente
228 3927 376 3999 premunt
393 3915 512 3980 domito
531 3914 685 4002 Cybeleia
701 3919 792 3985 frena
809 3919 927 3985 leones.

116 4000 174 4064 hos
191 4010 241 4074 tu,
260 4022 332 4065 care
350 4000 442 4078 mihi,
460 4022 596 4085 cumque
614 4004 664 4068 his
680 4026 783 4090 genus
801 4026 894 4070 omne
911 4005 1062 4083 ferarum,
1158 4027 1208 4078 too

115 4085 201 4173 quod
217 4106 282 4151 non
298 4098 387 4177 terga
405 4086 517 4176 fugae,
535 4087 591 4154 sed
608 4110 736 4179 pugnae
752 4101 883 4179 pectora
900 4092 1042 4177 praebet,

917 4190 969 4256 12⁴,
