2800 4500
323 257 690 317 METAMORPHOSEON
706 256 779 315 LIB.
797 257 847 315 IV.
866 254 1010 312 184-271.
1132 240 1176 307 61>

155 382 266 451 mundi
283 384 403 449 oculus.
429 383 521 462 mihi,
539 385 646 460 crede,
663 381 801 468 places.”
827 390 922 468 pavet
938 378 1007 457 illa,
1023 389 1174 462 metuque

156 481 188 535 et
204 470 292 534 colus
308 480 340 536 et
355 468 446 536 basus
463 470 571 556 digitis
588 469 730 535 cecidere
747 466 894 533 remissis.

155 556 223 641 ipse
240 554 334 620 timor
350 555 469 621 decuit:
487 578 548 621 nec
563 554 690 639 longius
707 553 760 620 ille
777 563 917 618 moratus
1192 567 1243 619 230

156 641 189 705 in
205 662 314 705 veram
330 640 422 706 rediit
440 640 578 725 speciem
596 641 786 723 solitumque
803 639 946 705 nitorem.

156 738 189 791 at
206 726 312 811 virgo,
329 728 475 810 quamvis
491 726 620 812 inopino
637 726 746 791 territa
761 725 844 802 visu,

155 812 241 877 victa
256 812 357 877 nitore
374 811 425 878 dei
441 812 546 898 posita
561 811 627 876 vim
642 833 738 897 passa
755 810 883 894 querela
899 819 957 875 est.

155 896 269 961 invidit
285 894 392 981 Clytie
408 895 526 980 (neque
543 897 628 963 enim
643 897 825 962 moderatus
843 895 876 960 in
892 895 947 959 illa

158 981 242 1049 Solis
259 1003 348 1046 amor
364 982 482 1067 fuerat)
499 984 723 1066 stimulataque
739 981 869 1067 paelicis
886 981 934 1045 ira
1194 994 1243 1045 255

157 1070 268 1153 vulgat
285 1067 489 1145 adulterium,
507 1067 769 1150 diffamatumque
786 1065 909 1152 parenti
1019 1102 1022 1107 >

157 1153 284 1218 indicat.
327 1152 380 1218 ille
397 1153 488 1218 ferox
513 1151 732 1219 inmansuetus
755 1174 796 1218 ue
813 1161 996 1237 precantem

157 1239 401 1321 tendentemque
417 1260 530 1304 manus
547 1239 589 1303 ad
604 1237 726 1303 lumina
735 1174 827 1303 qSolis
844 1247 877 1303 et
894 1236 972 1301 “ille
1042 1296 1046 1305 .

157 1323 222 1388 vim
239 1323 311 1388 tulit
327 1322 468 1388 invitae’'
486 1324 643 1389 dicentem
661 1322 781 1390 defodit
798 1324 862 1387 alta

158 1408 274 1474 crudus
291 1407 405 1486 humo,
423 1408 643 1492 tumulumque
661 1431 757 1494 super
773 1407 880 1493 gravis
898 1405 986 1470 addit
1002 1404 1150 1470 harenae.
1195 1423 1244 1472 240

158 1494 289 1579 dissipat
306 1493 392 1559 hunc
408 1494 504 1558 radiis
522 1493 707 1579 Hyperione
722 1506 816 1558 natus
833 1493 956 1576 iterque

159 1580 214 1644 dat
229 1579 301 1655 tibi,
318 1599 382 1662 quo
399 1578 501 1665 possis
518 1579 660 1644 defossos
677 1601 823 1665 promere
840 1580 960 1643 vultus:
1072 1648 1074 1651 ,

158 1685 218 1730 nec
233 1675 269 1729 tu
285 1664 350 1728 iam
367 1675 493 1749 poteras
509 1675 656 1730 enectum
673 1663 813 1749 pondere
829 1674 931 1730 terrae

159 1750 281 1827 tollere,
298 1749 455 1834 nympha,
472 1760 582 1834 caput,
599 1770 778 1834 corpusque
795 1771 941 1835 exangue
958 1747 1095 1813 iacebas.

158 1836 204 1900 nil
219 1834 274 1899 illo
291 1834 391 1900 fertur
407 1834 571 1899 volucrum
586 1835 766 1900 moderator
782 1856 937 1918 equorum
1195 1850 1244 1899 245

159 1930 231 2022 post
247 1919 483 1985 Phaethonteos
500 1920 617 1986 vidisse
634 1920 792 1985 dolentius
809 1921 910 2006 ignes.

158 2006 212 2072 ille
228 2004 358 2090 quidem
374 2005 497 2091 gelidos
513 2005 674 2070 radiorum
691 2005 820 2080 viribus·
830 2015 927 2079 artus,

159 2090 187 2156 si
203 2102 313 2174 queat,
330 2090 362 2155 in
380 2090 488 2155 vivum
506 2101 640 2176 temptat
655 2111 805 2161 rerocare
822 2090 973 2155 caloremz

160 2177 216 2242 sed
234 2175 383 2260 quoniam
400 2176 495 2240 tantis
511 2175 612 2240 fatum
630 2176 795 2240 conatibus
813 2175 927 2253 obstat,

159 2274 286 2328 nectare
303 2261 433 2326 odorato
451 2261 563 2347 sparsit
580 2282 758 2347 corpusque
774 2262 953 2345 locumque,
1196 2281 1246 2330 250

158 2348 321 2431 multaque
338 2358 545 2433 praequestus
564 2353 701 2432 “tanges
718 2358 825 2413 tamen
843 2345 993 2413 aethera”
1012 2345 1100 2410 dixit.

159 2433 303 2519 protinus
319 2431 477 2496 imbutum
494 2432 621 2497 caelesti
638 2444 766 2499 nectare
784 2455 898 2519 corpus

161 2518 283 2584 dilicuit
305 2527 483 2600 terramque
500 2538 559 2582 suo
575 2518 744 2584 madefecit
761 2519 868 2595 odore,

159 2608 312 2689 virgaque
328 2623 386 2687 per
401 2603 532 2687 glaebas
549 2603 665 2668 sensim
682 2603 842 2669 radicibus
859 2604 937 2669 actis

160 2702 250 2754 turea
266 2688 401 2752 surrexit
417 2689 637 2771 tumulumque
654 2690 818 2754 cacumine
834 2712 872 2753 ru
896 2690 928 2754 it.
1196 2710 1245 2758 255

202 2776 250 2837 At
267 2770 410 2857 Clytien,
428 2774 572 2856 quamvis
589 2795 678 2839 amor
694 2796 846 2840 excusare
863 2712 1005 2839 dblorem
1136 2790 1246 2860 (Clytie.)

159 2858 373 2941 indiciumque
390 2858 479 2923 dolor
494 2869 631 2944 poterat,
648 2880 712 2924 non
730 2883 781 2924 am
804 2860 866 2924 lius
883 2870 993 2924 auctor

159 2943 239 3011 lucis
257 2944 323 3008 adit
339 2942 537 3027 Venerisque
554 2945 684 3009 modum
701 2944 763 3009 sibi
779 2883 855 3010 decit
872 2944 905 3008 in
921 2944 986 3009 illa.

160 3028 262 3095 tabuit
279 3051 321 3102 ex
335 3028 391 3093 illo
408 3028 570 3095 dementer
585 3029 746 3094 amoribus
763 3052 832 3106 usa,

160 3114 371 3200 nympharum
388 3113 566 3199 impatiens,
572 3125 604 3179 et
620 3114 680 3179 sub
697 3115 776 3180 Iove
792 3126 885 3180 nocte
903 3114 1018 3198 dieque
1197 3135 1247 3187 260

161 3199 243 3266 sedit
258 3199 356 3264 humo
372 3200 459 3264 nuda
475 3200 569 3264 nudis
586 3199 745 3286 incompta
762 3200 893 3286 capillis.

161 3305 412 3371 perquencvem
428 3286 516 3350 luces
534 3307 647 3370 expers
663 3286 832 3369 undaeque
849 3285 975 3369 cibique

160 3391 231 3434 rore
247 3391 335 3435 mero
352 3369 552 3454 lacrimisque
569 3370 634 3435 suis
650 3370 769 3436 ieiunia
784 3372 883 3457 pavit,

160 3476 220 3521 nec
237 3477 271 3520 se
287 3455 511 3526 movithumo.
554 3466 678 3520 tantum
695 3457 859 3542 spectabat
876 3455 979 3522 euntis

161 3562 218 3605 ora
234 3541 300 3618 dei,
317 3540 486 3623 vultusque
503 3562 577 3606 suos
593 3541 741 3607 flectebat
757 3542 799 3607 ad
815 3542 915 3606 illum.
1196 3563 1246 3614 265

159 3625 304 3691 membra
319 3625 426 3691 ferunt
441 3625 581 3693 haesisse
598 3627 680 3703 solo,
698 3637 883 3712 partemque
901 3627 1014 3693 coloris

160 3708 282 3776 luridus
300 3733 462 3795 exangues
478 3711 580 3796 pallor
596 3712 751 3777 convertit
766 3713 800 3776 in
816 3712 944 3778 herbas:

163 3806 211 3862 est
227 3795 261 3860 in
276 3807 366 3881 parte
382 3795 490 3874 rubor,
506 3795 671 3880 violaeque
689 3797 866 3862 simillimus
882 3820 939 3863 cra

162 3882 221 3945 llos
238 3881 327 3967 tegit
369 3879 424 3945 illa
440 3901 548 3957 suum,
565 3882 710 3966 quamvis
728 3883 834 3948 radice
850 3895 984 3961 tenetur,

163 3964 296 4031 vertitur
311 3965 353 4029 ad
371 3964 479 4032 Solem
497 3978 680 4050 mutataque
697 3979 801 4033 servat
818 3971 978 4036 amorem?
1196 3988 1247 4038 2⁷0

205 4048 355 4128 Dixerat,
373 4062 404 4116 et
420 4050 541 4117 facturn
557 4051 700 4119 mirabile
717 4065 843 4142 ceperat
860 4077 962 4124 aures.
1094 4068 1246 4139 Minyada
