2800 4500
287 264 654 325 METAMORPHOSEON
668 265 742 322 LIB.
763 264 828 324 VII.
847 264 991 323 tto-613.
1091 251 1154 317 119

131 389 205 457 inde
221 413 335 478 graves
352 390 444 456 multi
461 401 622 475 nequeunt
639 411 830 476 consurgere
848 399 879 454 et
895 387 972 476 ipsis
1170 408 1221 458 tto

131 477 341 543 inmoriuntur
357 476 448 561 aquis
464 511 509 523 -
525 475 639 559 aliquis
657 487 764 540 tamen
781 475 887 540 haurit
903 474 1032 541 stillas.

131 575 283 646 tantaque
301 574 374 627 sunt
390 561 512 627 miseris
530 561 623 627 invisi
640 561 746 627 taedia
761 560 850 626 leoti:

131 648 311 735 prosiliunt,
329 658 385 713 aut
401 648 427 711 si
444 647 613 733 prohibent
629 647 799 712 consistere
817 645 910 722 vires,

132 755 264 818 corpora
281 733 453 797 devolvunt
468 732 502 796 in
519 731 662 797 humum.
705 730 896 816 fugiuntque
913 730 1052 797 Penates

132 819 266 902 quisque
284 840 372 894 suos,
390 841 448 882 sua
465 817 581 900 auique
599 818 712 882 domus
729 816 856 881 funesta
873 815 1012 883 videtum

132 916 164 968 et
180 903 255 986 quia
273 925 369 968 eausa
384 903 476 979 latet,
492 903 581 967 loous
598 914 648 967 est
664 902 698 966 in
716 901 856 966 erimine.
900 901 1015 987 partim

132 988 331 1054 semianimes
349 1009 454 1053 errare
471 987 546 1065 viis,
564 988 641 1052 dum
658 1000 741 1053 stare
758 986 917 1062 valebant,

132 1074 288 1160 aspiceres
293 1098 302 1152 3
320 1074 431 1138 fientes
449 1073 527 1138 alios
545 1083 692 1156 terraque
709 1072 847 1138 iacentes

131 1161 277 1243 lassaque
294 1169 455 1224 versantes
474 1180 621 1243 supremo
637 1157 760 1223 lumina
776 1169 875 1223 motu.

132 1246 337 1329 membraque
354 1243 513 1329 perdentis
532 1244 664 1308 tendunt
681 1242 724 1307 ad
741 1243 845 1308 sidera
861 1241 951 1321 caeli,

132 1329 198 1407 hie,
216 1330 294 1406 illio,
312 1328 369 1394 ubi
385 1351 472 1394 mors
490 1328 529 1393 de
552 1329 713 1406 tenderat,
731 1329 902 1394 exulantes.

132 1415 209 1500 quid
227 1415 304 1479 mihi
321 1427 397 1479 tuno
415 1413 513 1479 animi
529 1351 609 1479 luit?
626 1437 668 1478 an
686 1413 773 1497 quod
790 1413 900 1479 debuit
917 1435 998 1491 esse,

132 1513 168 1566 ut
184 1501 283 1565 vitam
300 1500 437 1567 odissem
455 1512 487 1565 et
503 1517 652 1584 euperem
669 1521 743 1586 pars
761 1521 831 1565 esse
847 1498 1010 1564 meorum?

132 1608 196 1670 quo
214 1608 248 1651 se
266 1606 402 1669 eumque
420 1585 504 1650 aeies
522 1586 685 1650 oculorum
702 1585 848 1662 flexerat,
864 1584 930 1650 illie

115 1673 249 1757 ,vulgus
266 1682 334 1736 erat
350 1681 497 1748 stratum,
515 1670 614 1735 veluti
631 1692 705 1735 cum
722 1669 828 1754 putria
844 1669 938 1735 motis

132 1779 228 1844 poma
245 1756 363 1821 eadunt
378 1756 490 1833 ramis,
508 1755 692 1840 agitataque
708 1755 780 1820 ilios
796 1755 941 1840 glandes.

133 1843 251 1928 templa
267 1841 356 1907 vides
374 1854 484 1906 contra
499 1840 652 1926 gradibus
669 1840 818 1905 sublimia
833 1840 953 1926 longior

132 1926 276 2013 Iuppiter
292 1926 347 1991 illa
364 1937 458 1992 tenet.
503 1926 573 2009 quis
590 1947 655 1990 non
672 1925 825 1989 altaribus
842 1925 903 1990 illis

132 2013 309 2077 imitatura
326 2011 431 2077 dedit?
448 2012 593 2095 quotiens
611 2032 667 2096 pro
686 2009 821 2096 coniuge
839 2010 987 2088 coniunx,

133 2120 191 2184 pro
208 2108 305 2183 gnato
322 2097 457 2198 genitor,
476 2096 551 2160 dum
569 2096 667 2160 verba
683 2095 846 2182 precantia
863 2095 949 2174 dioit,

132 2206 197 2248 non
215 2193 350 2248 exoratis
368 2182 505 2247 animam
522 2181 624 2246 linivit
640 2181 673 2245 in
691 2180 764 2259 aris,

133 2271 229 2353 inque
245 2292 343 2334 manu
360 2269 438 2333 turis
455 2290 529 2354 pars
546 2268 767 2354 inconsumpta
783 2279 908 2352 reperta
925 2266 987 2333 esti

134 2355 253 2420 admoti
270 2354 415 2439 quotiens
433 2352 573 2438 templis,
591 2353 668 2417 dum
685 2365 760 2417 vota
778 2352 924 2419 sacerdos

134 2440 271 2525 oonoipit
288 2452 321 2505 et
336 2439 442 2504 fundit
459 2461 575 2524 purum
592 2438 673 2504 inter
690 2460 810 2504 cornua
826 2438 947 2515 vinum,

133 2526 220 2591 haud
237 2535 402 2611 expectato
420 2524 601 2589 oeciderunt
617 2523 748 2590 vulnere
765 2523 863 2594 tauril

132 2611 201 2697 ipse
218 2631 279 2696 ego
297 2632 387 2675 saera
403 2610 473 2675 Iovi
490 2631 616 2695 prome
633 2610 798 2695 patriaque
816 2609 979 2693 tribusque

134 2719 207 2762 oum
224 2695 362 2761 facerem
379 2694 475 2771 natis,
493 2694 634 2780 mugitus
652 2694 780 2760 victima
796 2693 881 2759 diros

134 2781 233 2847 edidit
250 2791 281 2846 et
297 2780 402 2846 subito
420 2780 560 2865 collapsa
576 2780 644 2844 sine
660 2779 776 2845 ictibus
794 2779 866 2845 ullis

135 2867 250 2952 exiguo
268 2865 362 2931 tinxit
378 2865 536 2931 subiectos
554 2864 708 2949 sanguine
725 2865 851 2929 cultros.

133 2961 208 3016 exta
231 2973 358 3035 quoque
374 2974 472 3036 aegra
488 2961 579 3015 notas
596 2950 663 3014 veri
679 2950 881 3034 monitusque
899 2950 1030 3015 deorum

134 3037 345 3124 perdiderant.
366 3036 470 3101 tristes
487 3046 652 3137 penetrant
669 3034 711 3100 ad
728 3036 851 3099 viscera
867 3035 979 3102 morbi.

134 3134 207 3188 ante
225 3143 330 3188 saeros
347 3121 412 3186 ridi
429 3132 569 3207 proiecta
586 3121 742 3186 cadavera
758 3131 874 3205 postes,

134 3220 207 3273 ante
224 3207 324 3293 ipsas,
341 3228 406 3290 quo
423 3228 507 3271 mors
525 3206 607 3271 foret
623 3206 816 3281 invidiosior,
834 3229 915 3270 aras.

132 3315 207 3379 pars
225 3292 362 3356 animam
378 3292 493 3375 laqueo
511 3292 662 3357 claudunt
680 3291 852 3375 mortisque
868 3291 1013 3356 timorem

133 3389 235 3443 morte
251 3380 366 3463 fugant
383 3379 528 3461 ultroque
546 3394 661 3441 vooant
678 3377 836 3441 venientia
852 3376 928 3441 fata.

134 3485 267 3548 corpora
282 3462 380 3527 missa
395 3462 467 3528 neoi
484 3463 578 3527 nullis
597 3462 637 3527 de
653 3484 741 3527 more
758 3462 904 3527 feruntur

133 3548 313 3614 funeribus:
329 3568 435 3631 neque
452 3548 536 3614 enim
554 3548 722 3633 capiebant
739 3548 852 3612 funera
868 3558 988 3632 portae.

134 3645 190 3699 aut
206 3634 370 3699 inhumata
387 3643 534 3718 premunt
551 3644 664 3710 terras,
683 3644 738 3697 aut
755 3633 871 3698 dantur
887 3632 920 3696 in
938 3633 1018 3697 altos

133 3720 276 3784 indotata
291 3740 397 3804 rogos.
440 3730 472 3783 et
487 3717 552 3782 iam
569 3717 744 3785 reverentia
759 3717 847 3782 nulla
863 3727 925 3793 est;

134 3804 237 3888 deque
254 3806 340 3890 rogis
357 3826 401 3890 pu
446 3813 514 3880 ant,
532 3803 704 3887 alienisque
721 3803 849 3888 ignibus
867 3803 987 3869 ardent.

133 3890 189 3974 qui
206 3890 379 3964 lacrimem,
419 3898 526 3964 esunt,
543 3888 773 3972 indefletaeque
791 3900 948 3973 vagantur

132 3986 343 4059 natorumque
352 3985 544 4059 patrumque
553 3972 897 4056 animaeiuvenumque
915 3995 1103 4058 senumque:

134 4083 193 4127 nee
209 4062 299 4126 loeus
316 4060 349 4123 in
365 4061 519 4137 tumulos,
537 4079 597 4125 nee
613 4058 732 4124 suflicit
749 4058 842 4125 arbor
858 4058 892 4122 in
909 4059 1009 4146 ignes.
