2800 4500
288 302 656 361 METAMORPHOSEON
672 305 747 361 LIB.
765 307 815 364 IV.
833 307 979 365 448-535.
1101 294 1142 362 67

117 449 255 516 parsque
272 428 377 494 iacent
393 429 525 506 umeris,
542 451 617 514 pars
635 428 754 494 circum
772 441 900 515 pectora
918 432 1026 517 lapsae

119 513 211 580 sibila
229 513 307 578 dant
324 513 508 597 saniemque
526 525 659 579 vomunt
674 515 849 600 linguaque
867 528 1043 582 coruscant.

117 600 192 666 inde
209 599 290 664 duos
307 599 419 664 mediis
436 599 597 685 abrumpit
614 599 753 665 crinibus
771 624 904 685 angues,

141 684 332 768 estiferaque
348 708 447 750 manu
463 696 570 771 raptos
587 685 731 752 immisit:
749 698 782 751 at
798 686 845 751 illi

118 709 278 854 lucosque
297 771 384 835 sinus
402 770 696 854 Athamanteosque
713 783 877 857 pererrant

118 856 333 942 inspirantque
350 878 464 942 graves
482 857 613 921 animas.
656 879 716 922 nec
733 859 865 923 vulnera
881 858 1031 925 membris

118 943 185 1007 ulla
201 941 322 1006 feruntr
340 964 429 1008 mens
448 954 509 1017 est,
527 964 610 1025 quae
627 943 713 1007 diros
731 944 845 1008 sentiat
862 943 954 1008 ictus.

119 1027 268 1094 attulerat
285 1048 393 1092 secum
410 1027 521 1111 liquidi
539 1050 666 1112 quoque
684 1043 826 1093 monstra
841 1030 967 1106 veneni,

119 1113 184 1178 oris
202 1109 353 1178 Cerberei
371 1135 500 1198 spumas
518 1124 550 1178 et
566 1113 654 1178 virus
671 1113 846 1190 Echidnae,

120 1218 303 1280 erroresque
321 1219 420 1283 vagos
438 1220 616 1282 caecaeque
633 1199 752 1264 oblivia
769 1200 893 1276 mentis,

119 1295 152 1350 et
168 1284 271 1348 scelus
289 1293 321 1348 et
336 1283 481 1348 lacrimas
497 1285 682 1368 rabiemque
700 1297 732 1349 et
750 1285 855 1350 caedis
873 1307 1021 1363 amorem,

120 1369 226 1435 omnia
243 1367 317 1432 trita
333 1369 440 1444 simul;
458 1391 540 1454 quae
558 1370 713 1455 sanguine
730 1370 829 1434 mixta
845 1371 966 1437 recenti

120 1464 249 1520 coxerat
266 1477 338 1519 aere
356 1475 449 1530 cavo,
465 1455 558 1520 viridi
576 1466 700 1520 versata
717 1456 830 1521 cicuta.

120 1541 260 1624 dumque
277 1551 395 1626 pavent
410 1539 470 1615 illi,
481 1540 585 1626 vergit
597 1540 711 1606 furiale
730 1564 887 1606 venenum

118 1637 230 1712 pectus
247 1625 280 1689 in
298 1625 464 1690 amborum
480 1624 729 1711 praecordiaque
746 1627 857 1691 intima
873 1627 982 1692 movit.

119 1724 187 1776 tum
204 1711 275 1776 face
291 1710 407 1775 iactata
422 1733 481 1797 per
498 1712 635 1777 eundem
652 1711 907 1797 saepius'orbem

119 1797 323 1879 consequitur
339 1795 432 1860 motis
448 1797 599 1861 velociter
615 1797 624 1812 ⁶
671 1797 743 1862 ibus
760 1797 860 1883 ignes.

119 1883 166 1947 sic
183 1881 295 1946 victrix
313 1881 453 1964 iussique
470 1893 583 1966 potens
600 1819 765 1947 aldomania
782 1882 891 1968 magni

117 1990 218 2034 reema
234 1966 317 2032 redit
332 1965 418 2030 Ditis
437 1978 661 2052 sumptumque
677 1967 851 2052 recingitur
868 1990 1016 2052 anguem.

152 2021 313 2117 l’rotmus
330 2052 482 2117 Aeolides
499 2052 605 2117 media
621 2051 812 2117 furibundus
830 2053 863 2116 in
881 2053 955 2116 aula

119 2137 235 2203 clamat
252 2137 313 2214 ιἱο,
330 2136 475 2214 comites,
492 2136 542 2201 his
558 2137 639 2202 retia
655 2137 774 2203 tendite
792 2136 893 2202 silvisl

119 2222 172 2288 hic
188 2223 283 2288 modo
301 2243 374 2288 cum
391 2223 519 2309 gemina
536 2222 605 2288 visa
621 2234 669 2288 est
686 2222 764 2288 mihi
781 2223 869 2309 prole
885 2221 1017 2301 leaena,'

121 2320 218 2392 utque
236 2308 336 2385 ferae,
353 2309 496 2392 sequitur
512 2309 647 2394 vestigia
664 2309 807 2395 coniugis
826 2331 950 2373 amens:

120 2396 223 2479 deque
240 2395 311 2458 sinu
329 2395 437 2458 matris
453 2394 609 2459 ridentem
626 2405 657 2460 et
674 2417 775 2481 parva
792 2393 973 2459 Learchum

120 2479 267 2545 bracchia
284 2479 465 2544 tendentem
482 2479 566 2564 rapit
582 2490 615 2546 et
631 2479 680 2545 bis
697 2491 808 2581 terque
825 2502 883 2565 per
900 2502 993 2544 auras

118 2587 205 2630 more
222 2576 305 2629 rotat
322 2564 456 2642 fundae,
473 2564 639 2651 rigidoque
656 2564 790 2630 infantia
808 2588 885 2629 saxo

119 2650 247 2716 discutit
265 2672 321 2716 ora
337 2650 438 2716 ferox.
481 2661 549 2715 tum
568 2649 705 2733 denique
723 2650 847 2715 concita
864 2661 975 2726 mater,

119 2759 176 2802 seu
193 2736 283 2801 dolor
300 2734 361 2800 hoc
378 2734 454 2800 fecit
471 2758 528 2800 seu
545 2736 647 2821 sparsi
664 2758 762 2800 eausa
778 2735 901 2810 veneni,

119 2821 262 2887 exululat
278 2820 444 2907 passisque
460 2820 544 2906 fugit
561 2822 643 2886 male
661 2844 740 2885 sana
757 2821 889 2905 capillis,

119 2918 214 2991 teque
231 2907 335 2971 ferens
352 2928 487 2991 parvum
504 2906 613 2983 nudis,
630 2906 814 2980 Melicerta,
832 2905 956 2970 lacertis

119 2992 236 3058 ‘euhoe
253 2991 394 3056 Bacche’
413 3002 513 3057 sonat
556 2991 677 3056 Bacchi
694 2990 755 3055 sub
771 2991 898 3054 nomine
917 2990 997 3054 Iuno

119 3077 188 3141 risit
206 3089 237 3141 et
254 3076 327 3141 ‘hos
343 3099 421 3141 usus
438 3088 577 3162 praestet
593 3076 664 3141 tibi’
684 3075 763 3140 dixit
781 3076 963 3140 ‘alumnus'

119 3161 262 3227 imminet
280 3161 469 3245 aequoribus
487 3163 650 3246 scopulus3
668 3184 742 3246 pars
759 3161 824 3225 ima
841 3172 972 3225 cavatur

119 3247 267 3312 fluctibus
285 3257 316 3311 et
333 3259 432 3311 tectas
450 3246 590 3312 defendit
609 3247 650 3310 ab
667 3246 822 3311 imbribus
840 3246 952 3323 undas,

119 3355 244 3397 summa
261 3331 343 3417 riget
359 3332 558 3415 frontemque
574 3331 609 3396 in
625 3343 770 3417 apertum
788 3332 920 3416 porrioit
937 3352 1066 3415 aequor.

119 3429 255 3504 occupat
271 3417 356 3481 hunc
372 3452 416 3463 -
432 3417 515 3482 vires
531 3417 655 3482 insania
670 3417 757 3482 fecer
777 3428 850 3481 t—
883 3437 936 3493 no,
1113 3417 1115 3423 ⁴

119 3524 218 3586 seque
234 3525 330 3586 super
346 3513 479 3587 pontum
496 3502 582 3567 nullo
599 3503 724 3568 tardata
740 3502 852 3566 timore

119 3588 215 3653 mittit
232 3609 375 3672 onusque
392 3610 495 3651 suum.
538 3610 688 3673 percussa
705 3586 868 3651 recanduit
885 3586 982 3650 unda.

119 3685 153 3738 at
169 3673 281 3739 Venus
297 3672 473 3744 immeritae
490 3673 593 3758 neptis
610 3672 759 3737 miserata
775 3671 900 3736 labores

119 3758 166 3823 sic
181 3768 295 3843 patruo
312 3756 454 3822 blandita
471 3779 529 3821 suo
547 3770 609 3823 est:
628 3764 662 3822 ‘o
679 3780 799 3821 numen
816 3777 980 3839 aquarum,

119 3843 264 3930 proxima
281 3843 334 3907 cui
351 3843 439 3907 caelo
457 3843 564 3917 cessit,
581 3842 740 3927 Neptune,
758 3854 908 3927 potestas,

118 3951 237 4013 magna
253 3928 382 4011 quidem
398 3949 509 4013 posco,
528 3927 585 3992 sed
601 3939 637 3991 tu
654 3927 803 3993 miserere
820 3949 974 4005 meorum,

118 4014 229 4080 iactari
246 4033 326 4095 quos
344 4014 445 4077 cernis
462 4014 494 4077 in
510 4012 601 4078 Ionio
617 4013 782 4089 immenso,

119 4114 152 4170 et
169 4097 219 4165 dis
237 4097 319 4166 adde
337 4097 410 4164 tuis.
454 4097 561 4186 aliqua
577 4109 609 4167 et
625 4097 703 4163 mihi
719 4097 823 4186 gratia
838 4108 936 4189 ponto
954 4110 1011 4176 est,

936 4199 971 4255 ὁ.
