2800 4500
267 219 330 313 166
602 257 636 314 6.
655 253 780 317 cumn
796 255 959 317 6666616

266 393 299 449 et
316 380 377 448 scri
399 380 442 459 si,
459 391 491 448 et
508 380 598 467 petii:
617 390 770 448 temerata
786 392 835 448 est
851 392 959 447 nostra
975 379 1131 448 voluntas.

265 477 303 533 ut
317 404 398 532 nihl
414 465 563 543 adiciam,
581 489 644 532 non
661 489 792 553 possum
810 467 940 533 innoxia
957 467 1029 533 diei.

265 553 352 638 quod
369 564 526 638 superest,
543 553 679 618 multum
696 553 795 619 estin
812 563 896 630 vota,
914 553 947 618 in
964 553 1096 618 crimina
1112 548 1267 639 parvum?

197 658 248 707 666
265 638 345 703 dixit
362 648 455 705 et-
469 637 608 704 incertae
625 648 715 704 tanta
731 650 780 704 est
796 638 953 705 discordia
970 639 1084 704 mentis
1101 674 1146 685 —

264 746 337 790 curn
354 723 463 810 pigeat
479 734 664 808 temptasse,
682 724 761 790 libet
777 734 945 809 temptare:
963 723 1156 808 modumque

265 809 330 874 exit
348 820 380 875 et
397 807 509 874 infelix
526 809 693 874 committit
710 831 805 895 saepe
822 809 942 909 repelli.

263 916 339 960 mox
356 894 413 959 ubi
429 893 502 958 finis
519 895 623 971 abest,
641 895 778 980 patriam
794 894 878 980 fugit
894 895 947 959 ille
964 894 1118 980 nefasque

235 1016 237 1021 ·
262 979 359 1064 inque
377 978 545 1066 peregrina
560 980 650 1066 ponit
666 1001 751 1045 nova
768 980 894 1046 moenia
909 991 1004 1045 terra.

195 1084 245 1134 666
263 1076 331 1130 tum
348 1086 426 1131 vero
443 1076 598 1130 maestam
615 1076 683 1131 tota
699 1065 848 1130 Miletida
864 1077 971 1131 mente

263 1150 418 1216 defecisse
435 1150 562 1228 ferunt,
597 1162 666 1215 tum
683 1172 760 1216 vero
778 1174 798 1215 a
814 1161 941 1237 pectore
958 1160 1080 1217 vestem

263 1235 393 1321 diripuit
410 1235 597 1322 planxitque
615 1257 688 1301 suos
707 1234 880 1301 furibunda
897 1236 1041 1302 lacertos.

237 1326 239 1330 ’
263 1321 390 1407 iamque
406 1320 513 1407 palam
533 1332 581 1386 est
597 1321 728 1387 demens
745 1321 1025 1406 inconcessamque
1043 1322 1161 1388 fatetur

263 1429 352 1491 spem
370 1406 521 1483 Veneris,
539 1406 607 1472 sine
622 1427 688 1490 qua
705 1406 840 1492 patriam
857 1405 1039 1491 invisosque
1055 1406 1194 1473 Penates

196 1511 247 1561 646
264 1490 379 1558 deserit
397 1502 429 1558 66
445 1491 574 1577 profugi
591 1491 735 1576 sequitur
751 1492 886 1578 vestigia
902 1492 1018 1557 fratris.

264 1588 362 1661 utque
379 1587 435 1641 tuo
452 1586 572 1655 motae,
589 1578 693 1663 proles
713 1576 884 1655 Semeleia,
901 1578 1011 1662 thyrso

263 1661 416 1729 Ismariae
434 1662 595 1728 celebrant
611 1662 746 1749 repetita
763 1662 898 1729 triennia
913 1663 1068 1730 bacchaea

262 1747 403 1833 Byblida
419 1758 484 1812 non
502 1746 592 1814 aliter
608 1749 689 1813 latos
706 1748 846 1814 ululasse
863 1771 920 1834 per
938 1771 1031 1835 agros

238 1866 239 1871 1
262 1832 442 1900 Bubasides
459 1833 567 1899 videre
584 1856 693 1898 nurus.
737 1833 854 1918 quibus
871 1834 925 1899 illa
942 1834 1058 1900 relictis

196 1939 245 1989 646
264 1916 365 1985 Caras
382 1929 415 1985 et
432 1918 595 1985 armiferos
612 1917 752 2005 Lelegas
770 1918 969 2005 Lyciamque
986 1930 1137 2006 pererrat.

261 2004 326 2070 iam
344 2001 409 2070 Ora
433 2025 475 2069 on
491 2015 524 2070 et
541 2004 695 2090 Limyren
712 2003 902 2089 Xanthique
919 2004 1089 2090 reliquerat
1104 2005 1218 2083 undas,

262 2111 391 2175 quoque
408 2027 579 2156 dhimaera
594 2090 670 2176 iugo
687 2091 800 2156 mediis
817 2091 851 2155 in
867 2090 1010 2176 partibus
1027 2091 1145 2176 ignem,
1215 2114 1218 2119 ’

261 2187 373 2263 pectus
391 2188 423 2242 66
439 2197 496 2241 ora
512 2176 595 2254 leae,
613 2175 749 2242 caudam
767 2177 921 2263 serpentis
938 2174 1085 2242 habebat.

263 2262 415 2329 deficiunt
431 2262 543 2328 silvae:
561 2284 635 2328 curn
651 2274 687 2328 tu
705 2262 824 2329 lassata
840 2262 1001 2347 sequendo

195 2368 246 2419 666
263 2347 402 2415 concidis
420 2358 452 2413 et
468 2347 549 2413 dura
565 2348 675 2434 positis
691 2348 804 2414 tellure
821 2349 953 2433 capillis,

262 2433 373 2518 Bybli,
391 2433 475 2500 iaces
492 2433 684 2518 frondesque
701 2444 757 2500 tuo
774 2434 891 2520 premis
909 2456 963 2499 ore
981 2432 1127 2500 caducas.

263 2542 358 2604 saepe
376 2518 472 2585 etiam
489 2518 648 2604 nymphae
665 2518 781 2584 teneris
799 2518 990 2605 Lelegeides
1006 2519 1090 2584 ulnis

262 2606 372 2670 tollere
389 2615 557 2681 conantum
576 2626 686 2689 saepe,
702 2614 740 2669 ut
756 2603 920 2670 medeatur
937 2605 1046 2683 amori,

262 2688 460 2791 praecipiunt
476 2689 653 2774 surdaeque
671 2689 823 2755 adhibent
839 2689 956 2756 solacia
971 2690 1080 2757 menti.

195 2794 244 2844 666
262 2787 351 2840 muta
368 2785 450 2841 racet
467 2774 647 2860 viridesque
664 2775 730 2840 suis
747 2786 834 2842 tenet
850 2775 1012 2862 unguibus
1029 2774 1145 2842 herbas

261 2860 388 2946 Byblis,
406 2871 438 2926 et
454 2871 595 2926 umectat
611 2860 813 2927 lacrimarum
829 2861 974 2947 gramina
990 2860 1068 2926 riva.

261 2946 383 3012 Naidas
400 2946 449 3011 his
466 2968 596 3024 venam,
614 2968 696 3031 quae
713 2968 889 3031 numquam
906 2967 1048 3013 arescere
1065 2955 1182 3033 posset,

262 3031 467 3118 supposuisse
484 3031 600 3099 ferunt.
644 3032 723 3117 quid
740 3032 824 3098 enim
841 3032 918 3098 dare
934 3032 1037 3097 maius
1055 3030 1234 3097 habebant?

261 3117 418 3204 protinus,
435 3127 473 3183 ut
489 3128 575 3183 secto
593 3116 702 3205 piceae
720 3118 760 3184 de
778 3116 893 3184 cortice
910 3127 1030 3203 guttae,

194 3219 245 3270 666
262 3213 337 3269 utve
354 3214 450 3270 tenax
467 3204 600 3289 gravida
617 3215 725 3268 manat
742 3203 854 3269 tellure
872 3202 1025 3282 bitumen,

260 3299 336 3355 utve
353 3290 415 3354 sub
431 3290 570 3354 adventu
588 3288 736 3375 spirantis
752 3289 823 3354 lene
839 3288 948 3353 favoni

261 3374 328 3440 sole
346 3374 550 3451 remollescit,
568 3395 650 3458 quae
668 3373 786 3460 frigore
804 3374 957 3450 constitit,
975 3374 1076 3439 unda:

262 3461 308 3526 sic
324 3459 462 3526 lacrimis
480 3470 668 3545 consumpta
685 3459 750 3524 suis
767 3458 932 3525 Phoebeia
948 3459 1062 3544 Byblis

261 3545 394 3610 vertitur
410 3545 443 3610 in
460 3545 595 3621 fontem,
613 3545 669 3630 qui
685 3567 771 3610 nunc
787 3564 915 3629 quoque
933 3544 1069 3611 vallibus
1085 3543 1147 3610 illis

194 3647 243 3698 666
260 3651 378 3696 nomen
393 3629 491 3696 habet
508 3630 669 3707 dominae,
687 3631 842 3715 nigraque
859 3629 920 3696 sub
936 3631 1008 3696 ilice
1025 3641 1142 3696 manat.

303 3715 407 3780 Fama
422 3716 498 3781 novi
516 3727 643 3782 centum
661 3713 813 3781 Cretaeas
830 3715 963 3781 forsitan
979 3714 1075 3781 urbes
1204 3731 1287 3801 lpum

260 3800 304 3865 im
326 3800 423 3866 166666
439 3802 586 3878 monstri,
603 3801 712 3866 sinon
729 3800 882 3866 miracula
898 3823 1000 3888 nuper

260 3823 374 3971 Iphide
391 3897 513 3951 mutata
530 3884 626 3952 Crete
644 3885 792 3973 propiora
808 3885 940 3952 tulisset

260 3970 406 4055 proxima
424 3968 584 4037 Gnosiaco
601 3994 675 4036 narn
693 3970 854 4053 quondam
870 3971 1023 4038 Phaestia
1039 3994 1138 4059 regno

194 4073 244 4125 676
261 4055 430 4141 progenuit
446 4055 539 4121 tellus
556 4057 712 4143 ignotum,
730 4057 858 4124 nomine
877 4059 1030 4147 Ligdum,
