2800 4500
311 271 681 341 METAMORPHOSEON
696 269 769 332 LIB.
788 270 854 333 vn.
872 269 1017 331 toa-789.
1114 254 1176 323 123

156 404 317 472 montibus
334 405 472 481 errabat,
491 401 602 468 studiis
619 411 749 487 operata
765 398 900 464 Dianae.

154 502 223 557 tum
240 490 319 556 mihi
336 491 461 555 deserto
478 487 644 553 violentior
660 485 743 571 ignis
761 484 802 550 ad
820 506 892 549 ossa
919 509 928 524 ·

156 576 309 664 pervenit.
352 575 483 639 orabam
499 572 625 638 veniam
642 583 675 636 et
691 592 839 656 peccasse
856 567 990 646 fatebar,

156 675 188 728 et
203 662 343 749 potuisse
361 659 442 724 datis
460 658 555 723 simili
572 656 779 722 succumbere
796 654 908 740 culpae

155 770 207 813 me
224 758 351 830 'quoque
367 743 567 818 muneribus,
585 742 612 807 si
629 763 762 805 munera
779 750 867 804 tanta
883 740 1043 804 darentur.

156 832 235 896 haec
251 830 329 896 mihi
348 829 501 908 confesso,
512 829 634 893 laesum
651 826 739 912 prius
756 826 823 890 ulta
839 824 1004 911 pudorem,

156 916 347 982 redditur'et
363 916 472 981 dulces
490 913 685 979 concorditer
702 911 801 996 exigit
818 931 927 993 annos.

158 1002 211 1066 dat
228 1001 305 1064 mihi
322 1012 500 1085 praeterea,
514 1012 676 1083 tamquam
686 1019 722 1063 se
738 1018 837 1082 parva
853 995 992 1061 dedisset

158 1088 256 1163 dona,
274 1107 385 1150 canem
402 1107 533 1149 munusz
551 1104 646 1166 quem
664 1105 738 1147 cum
755 1103 814 1146 sua
831 1081 968 1147 traderet
984 1079 1029 1145 illi

158 1170 313 1257 Cynthia,
332 1168 511 1235 “currendo
529 1167 714 1254 superabit”
732 1166 854 1231 dixerat
872 1166 1036 1233 “omnes’'

158 1258 213 1322 dat
230 1256 323 1321 simul
340 1266 372 1321 et
388 1255 542 1331 iaculum,
559 1253 706 1318 manibus
724 1252 810 1338 quod
827 1249 959 1337 (cernis)
976 1251 1140 1316 habemus.
1250 1330 1253 1336 Ι

157 1341 296 1408 muneris
314 1339 442 1406 alterius
460 1361 543 1424 quae
560 1338 601 1404 sit
617 1338 753 1414 fortuna,
761 1336 912 1421 requiris?

158 1427 275 1512 accipe
318 1425 453 1511 mirandi
470 1423 609 1489 novitate
626 1423 795 1489 movebere
812 1421 898 1487 facti.

200 1509 352 1576 Carmina
369 1510 508 1575 Laiades
524 1531 590 1574 non
606 1508 766 1573 intellecta
783 1507 924 1592 priorum

158 1598 295 1662 solverat
311 1595 461 1682 ingeniis,
480 1606 512 1660 et
528 1593 734 1680 praecipitata
750 1593 875 1658 iacebat

157 1682 323 1747 immernor
339 1680 511 1766 ambagum
529 1690 617 1745 vates
634 1679 770 1744 obseura
787 1701 926 1744 suarum.

157 1767 300 1854 protinus
317 1766 432 1830 Aoniis
449 1764 627 1830 immittitur
644 1765 744 1830 altera
759 1763 880 1829 Thebis

158 1852 270 1938 pestis,
288 1862 320 1916 et
337 1851 432 1916 exitio
449 1850 541 1915 multi
558 1870 772 1936 pecorumque
790 1869 912 1932 suoque

158 1938 325 2023 rurigenae
341 1958 458 2023 pavere
475 1935 586 2000 feram.
630 1934 734 1999 vicina
750 1933 898 1998 iuventus

158 2023 302 2088 venimus
320 2034 352 2086 et
368 2021 448 2086 latos
465 2018 616 2105 indagine
633 2018 790 2085 cinximus
807 2040 911 2104 agros.

157 2107 212 2173 illa
228 2106 292 2172 levi
308 2107 402 2171 velox
419 2128 456 2170 su
480 2105 589 2170 erabat
605 2104 685 2169 retia
702 2105 784 2168 saltu

159 2214 345 2276 summaque
363 2129 517 2256 transibat
534 2189 706 2276 positarum
723 2189 789 2255 lina
806 2189 982 2277 plagarum.

158 2279 272 2363 copula
290 2276 464 2343 detrahitur
481 2276 625 2352 canibus,
643 2298 723 2360 quas
740 2275 795 2339 illa
812 2288 978 2358 sequentes

159 2364 272 2449 effugit
289 2376 321 2428 et
338 2362 432 2428 celeri
449 2383 513 2426 non
530 2362 657 2448 segnior
674 2361 747 2426 alite
765 2361 855 2425 ludit.

158 2470 272 2536 poscor
288 2461 320 2513 et
336 2447 404 2533 ipse
421 2469 528 2513 meum
545 2469 700 2512 consensu
718 2446 861 2532 Laelapa
877 2467 1008 2531 magno:

158 2533 298 2599 muneris
315 2533 375 2598 hoc
392 2554 517 2598 nornen.
560 2531 747 2597 iamdudum
765 2532 892 2597 vincula
908 2542 1031 2616 pugnat

158 2641 275 2685 exuere
292 2617 359 2703 ipse
377 2617 452 2694 sibi,
469 2619 613 2702 colloque
629 2616 785 2682 morantia
801 2616 911 2683 tendit.

158 2705 213 2770 vix
230 2704 311 2769 bene
329 2704 443 2767 missus
461 2716 541 2780 erat,
559 2725 618 2768 nec
635 2702 699 2768 iam
717 2713 913 2788 poteramus,
931 2702 987 2766 ubi
1005 2713 1098 2781 esset,

158 2790 247 2854 scire.
290 2788 408 2874 pedum
426 2788 546 2853 calidus
564 2788 697 2873 vestigia
714 2787 819 2873 pulvis
835 2787 987 2852 habebatt

158 2875 227 2961 ipse
244 2873 344 2939 oculis
362 2884 489 2957 ereptus
506 2883 582 2938 erat.
624 2894 690 2937 non
707 2872 792 2936 ocior
807 2872 861 2936 illo

158 2960 250 3024 hasta
266 2980 326 3024 nec
343 2980 494 3024 excussae
512 2969 654 3023 contorto
671 2957 802 3023 verbere
820 2956 962 3043 glandes,

157 3066 218 3109 nec
235 3042 430 3129 Gortyniaco
448 3043 587 3108 calamus
604 3042 683 3108 levis
700 3042 766 3107 exit
783 3041 824 3107 ab
842 3064 928 3107 arcu.

139 3129 247 3195 ‘collis
264 3151 346 3214 apex
363 3128 460 3193 medii
477 3128 627 3194 subiectis
643 3128 786 3193 imminet
804 3128 901 3193 arvis:

157 3215 251 3280 tollor
267 3235 305 3279 eo
323 3213 476 3299 capioque
493 3214 568 3278 novi
585 3236 600 3278 s
623 3212 765 3280 ectacula
782 3235 903 3289 cursus,

158 3321 221 3384 quo
239 3298 334 3364 modo
351 3299 518 3448 deprendi,
536 3321 587 3364 mo
612 3320 682 3363 ose
700 3297 876 3364 subducere
894 3297 1021 3384 abipso

157 3384 287 3449 vulnere
305 3383 374 3448 visa
404 3407 459 3449 era
475 3395 532 3449 est.
575 3406 635 3450 nec
650 3383 750 3449 limite
768 3384 882 3448 callida
898 3395 984 3448 recto

157 3469 191 3534 in
208 3469 409 3554 spatiumque
426 3469 524 3555 fugit,
542 3470 599 3534 sed
617 3468 734 3555 decipit
751 3491 806 3535 ora
824 3468 983 3553 sequentis

158 3566 190 3619 et
206 3554 288 3620 redit
304 3554 337 3617 in
355 3576 485 3639 gyrum,
503 3577 544 3620 ne
562 3556 602 3620 sit
619 3578 695 3619 suus
714 3554 850 3640 impetus
867 3553 960 3619 hosti.

157 3640 300 3705 imminet
317 3639 368 3703 hic
386 3639 590 3723 sequiturque
608 3663 731 3725 parem,
750 3638 923 3723 similisque
940 3639 1059 3708 tenenti

157 3746 220 3789 non
237 3735 323 3790 tenet
340 3735 371 3788 et
388 3746 488 3788 vanos
505 3736 631 3791 exercet
647 3724 680 3789 in
698 3731 772 3790 ae'ra
788 3747 921 3789 morsus.

157 3810 198 3874 nd
215 3809 310 3874 iaculi
328 3808 474 3874 vertebar
490 3831 593 3894 opem.
637 3810 723 3894 quod
741 3809 870 3875 dextera
886 3810 981 3875 librat

157 3895 232 3959 dum
250 3917 335 3972 mea,
353 3894 429 3958 dum
448 3893 563 3979 digitos
581 3894 714 3960 amentis
732 3895 840 3961 indere
857 3906 988 3982 tempto,

154 3980 276 4044 lumina
293 3979 422 4045 deflexi:
441 3985 650 4064 revocataque
667 4003 777 4045 mrsus
794 3981 906 4045 eodem

135 4066 345 4131 rettuleram.
380 4064 495 4140 medio,
513 4064 643 4130 mimml
670 4066 733 4130 duo
751 4088 909 4131 marmora
926 4088 1039 4156 campo
