2800 4500
297 270 1005 334 rmrnuouenosuoume.xv.cs1-oes.
1098 249 1162 323 269

137 402 241 469 insula
257 401 432 468 Romuleae
450 397 547 465 sacris
567 395 714 464 asciverit
730 395 828 461 urbis.
1180 412 1229 461 62⁵

138 490 206 555 dira
222 488 291 552 lues
308 486 468 571 quondam
485 483 596 549 Latias
612 482 780 547 vitiaverat
797 503 901 557 auras,

137 573 317 660 pallidaque
335 570 490 656 exsangui
507 567 696 653 squalebant
713 588 846 651 corpora
862 566 947 631 tabo.

136 657 302 725 funeribus
319 656 395 723 fessi
435 666 580 739 ostquam
598 651 745 717 mortalia
761 663 895 718 cernunt

137 753 365 843 temptamenta
380 679 474 816 nihil,
492 739 570 804 nihil
588 748 672 803 artes
689 758 784 822 posse
801 735 995 812 medentum,

137 827 290 892 auxilium
308 825 442 891 caeleste
459 835 581 910 petunt.
625 823 826 906 mediamque
844 831 987 886 tenentes

137 912 222 978 orbis
239 911 373 975 humum
389 910 534 995 Delphos
552 910 685 985 adeunt,
704 907 833 972 oracula
849 906 984 982 Phoebi,

137 1009 235 1081 utque
253 995 416 1061 salutifera
432 994 555 1060 miseris
572 1015 756 1058 succurrere
773 993 868 1058 rebus

137 1093 220 1148 sorte
237 1081 313 1147 velit
328 1090 499 1163 tantaeque
516 1079 603 1144 urbis
620 1079 706 1143 mala
721 1077 824 1154 finiat,
842 1087 943 1141 orant.

137 1178 170 1233 et
185 1167 274 1232 locus
292 1176 324 1231 et
339 1165 448 1230 laurus
466 1175 513 1242 et,
531 1186 610 1247 quas
627 1163 726 1229 habet
741 1163 820 1248 ipse,
837 1163 1004 1248 pharetrae

136 1252 326 1317 intremuere
344 1250 452 1328 simul;
471 1251 656 1333 cortinaque
672 1247 810 1314 reddidit
826 1247 890 1312 imo

137 1337 220 1402 hanc
237 1337 333 1420 adyto
351 1356 463 1401 vocem
479 1334 712 1420 pavefactaque
751 1343 857 1398 ectora
873 1332 987 1397 movit:

137 1422 238 1506 ‘quod
254 1421 336 1507 petis
353 1419 441 1498 hinc,
459 1419 605 1520 propiore
623 1420 704 1495 loco,
772 1438 881 1493 mane,
899 1416 1046 1503 petissesr

138 1521 170 1572 et
183 1517 259 1608 pete
275 1527 362 1571 nunc
377 1527 525 1591 propiore
542 1505 622 1571 loco.
666 1525 726 1569 nec
743 1502 894 1589 Apolline
912 1502 1013 1580 vobis,

138 1614 194 1677 qur
209 1591 332 1656 minuat
348 1590 466 1667 luctus,
483 1612 564 1675 opus
582 1600 643 1665 est,
661 1590 719 1654 sed
735 1588 886 1674 Apolline
903 1599 987 1652 nato.

137 1677 181 1743 ite
198 1677 289 1741 bonis
306 1674 433 1752 avibus,
451 1677 635 1762 prolemque
652 1674 801 1741 arcessite
817 1672 978 1739 nostram.’

137 1762 225 1827 iussa
242 1761 293 1826 dei
310 1760 449 1847 prudens
466 1770 636 1846 postquam
654 1781 805 1844 accepere
822 1770 960 1836 senatus,

137 1870 234 1930 quam
252 1847 348 1923 colat,
366 1846 545 1930 explorant,
562 1844 686 1910 iuvenis
703 1844 885 1909 Phoebeius
901 1843 1025 1921 urbem,

138 1932 256 2016 quique
272 1941 383 2017 petant
399 1929 502 1996 ventis
518 1929 695 2016 Epidauria
711 1929 817 2005 litora,
835 1928 974 1994 mittunt.

139 2038 220 2100 quae
238 2016 332 2081 simul
347 2015 480 2080 incurva
496 2013 585 2080 missi
601 2015 734 2099 tetigere
751 2014 868 2091 cetrina,

78 2148 82 2157 .
138 2100 306 2166 concilium
324 2098 504 2185 Graiosque
521 2110 627 2185 patres
646 2098 766 2176 adiere,
784 2097 968 2184 darentque,

138 2207 282 2263 oravere,
299 2184 409 2263 deum,
427 2185 483 2271 qui
500 2206 650 2273 praesens
666 2185 780 2250 funera
796 2182 900 2270 gentis

137 2270 227 2335 finiat
243 2271 422 2336 Ausoniae:
440 2282 542 2336 certas
559 2272 620 2337 hoc
638 2271 743 2337 dicere
760 2281 870 2336 sortes.

138 2355 268 2421 dissidet
287 2367 318 2421 et
335 2356 435 2421 variat
453 2356 622 2422 sententia:
639 2376 777 2442 parsque
793 2353 977 2441 negandum

137 2463 202 2505 non
218 2452 310 2527 putat
327 2441 479 2507 auxilium
484 2466 494 2520 3
511 2441 602 2506 multi
617 2441 753 2508 retinere
770 2462 924 2525 suamque

137 2548 201 2590 non
218 2525 360 2593 emittere
379 2549 472 2612 opem
488 2549 549 2593 nec
564 2527 697 2592 numina
713 2527 837 2592 tradere
854 2526 999 2591 suadent.

137 2612 215 2675 dum
233 2611 393 2690 dubitant,
411 2635 512 2677 seram
530 2612 681 2698 pepulere
699 2612 886 2699 crepuscula
901 2612 1016 2687 lucem,

15 2776 18 2785 ἱ
137 2696 313 2781 umbraque
330 2697 450 2761 telluris
467 2697 615 2763 tenebras
630 2697 800 2762 induxerat
816 2697 900 2761 orbi:

137 2804 211 2847 cum
229 2781 307 2846 deus
324 2782 357 2845 in
375 2781 493 2845 somnis
511 2782 613 2867 opifer
630 2782 801 2848 consistere
818 2782 904 2848 visus

86 2870 87 2873 ’
137 2876 210 2931 ante
227 2877 332 2944 tuum,
349 2866 507 2941 Romane,
525 2869 644 2944 torum,
662 2868 719 2932 sed
736 2867 838 2952 qualis
855 2867 888 2932 in
905 2868 985 2933 aede

136 2972 206 3016 esse
224 2950 317 3027 solet,
334 2951 547 3034 baculumque
563 2961 674 3017 tenens
692 2963 817 3039 agreste
835 2952 960 3018 sinistra

136 3035 309 3101 caesariem
325 3037 440 3121 longae
458 3035 570 3101 dextra
586 3037 743 3104 deducere
759 3038 879 3103 barbae

135 3132 169 3185 et
185 3119 310 3206 placido
328 3120 406 3185 tales
424 3120 566 3187 emittere
582 3132 709 3207 pectore
726 3144 835 3189 vocess

135 3211 234 3290 ‘pone
250 3215 354 3270 metus
359 3230 368 3283 3
386 3206 527 3283 veniam,
545 3206 777 3292 simulacraque
793 3218 902 3272 nostra
918 3207 1104 3291 relinquam.

136 3288 221 3354 hunc
239 3288 334 3354 modo
352 3301 544 3375 serpentem,
562 3291 712 3357 baculum
730 3291 786 3377 qui
801 3292 937 3359 nexibus
955 3294 1064 3370 ambit,

134 3375 278 3461 perspice
296 3386 329 3441 et
344 3396 445 3460 usque
462 3386 539 3441 nota
554 3376 640 3453 visu,
656 3389 693 3461 ut
710 3399 901 3463 cognoscere
917 3379 1029 3464 possis.
1175 3399 1226 3449 666

135 3472 241 3524 vertar
256 3460 290 3524 in
308 3459 408 3538 hunc;
426 3460 483 3527 sed
499 3462 601 3526 maior
617 3484 683 3539 ero,
700 3473 869 3546 tantusque
887 3462 1029 3541 videbor,

133 3544 167 3607 in
185 3555 339 3627 quantum
357 3546 437 3611 verti
454 3546 602 3611 caelestia
618 3568 751 3632 corpora
769 3548 904 3613 debent!

135 3630 294 3715 externplo
312 3652 385 3695 cum
402 3652 480 3696 voce
498 3631 591 3709 deus,
610 3653 683 3697 cum
701 3653 779 3698 voce
798 3633 921 3716 deoque

134 3734 264 3779 somnus
282 3714 362 3793 abit,
380 3715 545 3800 somnique
561 3716 673 3802 fugam
689 3717 748 3782 lux
764 3717 848 3782 alma
865 3728 974 3784 secuta
990 3731 1047 3784 est.

132 3808 261 3881 postera
277 3800 416 3865 sidereos
433 3822 547 3865 aurora
562 3801 731 3888 fugaverat
746 3801 853 3888 ignes:

132 3882 259 3959 incerti,
277 3885 353 3967 qnid
371 3895 482 3970 agant,
522 3907 645 3952 roceres
663 3887 705 3951 ad
722 3888 841 3973 templa
857 3886 946 3973 petiti

133 3966 325 4033 conveniunt
342 3991 476 4056 operosa
492 3908 558 4047 dei,
575 3993 701 4055 quaque
719 3973 787 4057 ipse
804 3972 920 4038 morari

133 4050 208 4117 sede
226 4051 316 4131 velit,
333 4054 432 4141 signis
450 4055 637 4122 caelestibus
654 4056 786 4137 indicet,
804 4068 903 4125 orant.
943 4124 947 4129 ,
