2800 4500
234 230 305 310 138'
563 249 920 323 aovmnnssoms
977 258 979 263 ·
1030 256 1032 263 '
1102 256 1105 262 ·

168 414 175 435 ι
232 391 306 466 post
323 379 460 447 cinerem
478 378 598 445 cineres
615 378 746 445 haustos
764 375 806 444 ad
822 389 951 464 pectora
967 385 1126 463 pressant3
1243 396 1247 403 ¹

165 480 216 534 545
233 466 428 550 adfusaeque
445 466 549 530 iacent
566 465 698 543 tumulo,
717 465 905 551 signataque
922 484 1000 530 saxo

233 552 361 618 nomina
377 552 561 636 complexae
577 550 723 615 lacrimas
740 550 773 614 in
791 550 921 615 nomina
936 549 1085 615 fundunt.

233 658 314 721 quas
330 636 543 701 Parthaoniae
559 636 687 700 tandem
705 636 844 700 Latonia
861 635 951 701 clade

234 722 388 788 exsatiata
405 721 532 799 domus,
549 734 674 806 praeter
692 714 888 806 Gorgenque
905 740 1083 804 nurumque
1191 723 1196 733 '

80 831 83 838 ·
166 828 173 869 t
233 807 348 872 nobilis
365 807 555 882 Alcmenae,
573 806 656 871 natis
673 806 707 870 in
724 828 854 891 corpore
871 806 984 907 pennis

165 911 215 963 545
234 894 364 969 allevat,
381 902 414 958 et
430 893 542 978 longas
559 914 616 977 per
632 890 782 956 bracchia
797 891 931 977 porrrgit
947 891 1013 956 alas

234 1000 412 1062 corneaque
429 1000 485 1043 ora
501 978 579 1042 facit
596 997 767 1060 versasque
784 999 841 1062 per
858 983 932 1042 aera
949 975 1054 1041 mittit.
1086 1003 1089 1009 ¹

276 1064 403 1130 Interea
420 1063 564 1129 Theseus
582 1062 692 1127 sociati
708 1074 799 1163 parte
814 1062 933 1128 laboris
1119 1074 1254 1130 ,45555555

234 1150 363 1215 functus
381 1148 576 1214 Erechtheas
594 1147 776 1212 Tritonidos
793 1148 861 1213 ibat
878 1147 919 1213 ad
936 1169 1035 1214 arces.

169 1278 175 1293 ·
193 1274 194 1277 =
216 1235 347 1322 ,clausit
363 1235 423 1300 iter
439 1233 579 1318 fecitque
595 1236 701 1299 moras
718 1233 881 1300 Achelous
897 1234 996 1309 eunti,

166 1340 217 1390 555
233 1321 336 1387 imbre
353 1331 487 1385 tumens.
531 1318 681 1385 ‘succede
696 1318 798 1395 meis,'
817 1319 862 1384 ait
878 1319 1008 1394 ‘inclita
1025 1317 1127 1395 tectis,

235 1405 429 1492 Cecropida,
446 1426 506 1471 555
522 1415 555 1470 te
569 1403 734 1469 committe
750 1404 918 1490 rapacibus
935 1403 1039 1469 undis.

233 1492 316 1557 ferre
332 1491 440 1556 trabes
457 1488 573 1554 solidas
590 1489 782 1573 obhquaqne
800 1491 927 1555 volvere
943 1509 1061 1575 magno

234 1598 396 1641 murmure
413 1597 491 1640 saxa
506 1575 619 1640 solent.
663 1574 728 1639 vidi
745 1576 940 1640 contermina
955 1575 983 1639 ri
1006 1598 1044 1641 ae

235 1684 308 1727 oum
324 1661 477 1763 gregibus
494 1660 620 1725 stabula
637 1661 701 1726 alta
719 1660 815 1737 trahi3
832 1681 892 1725 555
908 1597 1043 1725 fortihus
1060 1658 1125 1725 illio

166 1766 217 1817 555
229 1747 353 1834 -profurt
369 1745 534 1823 armentis,
552 1769 612 1812 nec
628 1745 726 1830 equis·
736 1745 899 1811 velocibus
916 1767 996 1812 esse.

234 1833 336 1898 multa
352 1853 479 1916 quoque
496 1831 548 1897 hic
564 1844 687 1897 torrens
704 1829 832 1896 nivibus
849 1831 889 1896 ds
906 1843 1014 1897 monte
1031 1829 1142 1896 solutis

235 1940 368 2020 corpora
384 1917 529 1983 turbineo
545 1914 705 1983 iuvenalia
721 1916 840 1983 vertice
856 1916 974 1982 mersit

234 2014 332 2069 tutior
349 2014 398 2069 est
414 2003 554 2088 requies,
572 2001 664 2068 solito
682 2002 759 2067 dum
775 2002 908 2068 flumina
924 2013 1053 2068 currant

215 2089 347 2167 limite,
365 2088 442 2154 dum
460 2100 571 2154 tenues
589 2088 694 2203 capiat
711 2110 788 2153 suus
805 2089 914 2153 alveus
931 2087 1044 2153 undas.

166 2193 218 2243 555
235 2174 347 2241 adnuit
364 2174 522 2262 Aegides,
540 2182 628 2240 ‘utar
642 2196 706 2259 que
723 2174 891 2253 ‘Acheloe,
908 2174 1066 2258 domoque

235 2261 428 2343 consilioque
446 2261 515 2326 tuo’
532 2260 709 2347 respondit:
728 2271 760 2325 et
776 2282 853 2325 usus
870 2271 1005 2344 utroque
1024 2270 1084 2325 est·

235 2346 362 2433 pumice
378 2345 550 2411 multicavo
567 2368 627 2411 nec
643 2345 769 2411 levibus
786 2345 867 2410 atria
883 2345 955 2411 tofis

235 2443 354 2497 structa
371 2431 465 2497 subit.
509 2432 596 2496 molli
613 2431 708 2497 tellus
725 2441 794 2496 erat
809 2431 919 2496 umida
934 2451 1060 2496 muscos

235 2540 360 2582 summa
376 2515 568 2582 lacunabant
585 2515 707 2582 alterno
724 2516 843 2582 murice
860 2516 1010 2582 conchae.

166 2602 361 2686 teclamque
379 2602 459 2667 duas
475 2601 555 2666 lucis
572 2612 678 2688 partes
695 2601 881 2686 Hyperione
897 2623 1007 2667 menso

235 2688 423 2753 discubuere
441 2687 517 2752 toris
534 2686 678 2752 Theseus
696 2687 892 2771 comitesque
907 2686 1068 2752 laborum:

234 2775 296 2839 bac
313 2772 489 2849 Ixionides,
506 2772 561 2837 illa
577 2772 773 2838 Troezenius
789 2772 883 2838 heros

233 2870 324 2947 parte
342 2858 460 2935 Lelex,
477 2858 556 2923 raris
573 2858 636 2923 iam
654 2880 782 2943 sparsus
799 2870 942 2945 tempora
959 2855 1057 2936 canis,

235 2966 378 3029 quosque
396 2945 474 3008 alios
491 2943 584 3030 parili
600 2944 705 3009 fuerat
723 2943 871 3029 dignatus
888 2944 1007 3009 honore

134 3049 137 3058 '
166 3050 217 3100 555
235 3030 350 3094 Amnis
369 3030 590 3105 Acamanum‚
607 3029 797 3095 laetissimus
815 3028 937 3115 hospite
956 3040 1052 3094 tanto.

235 3115 378 3218 protinus
397 3115 557 3201 appositas
573 3114 679 3180 nudae
697 3114 831 3199 vestigia
847 3116 1007 3201 nymphae

234 3212 411 3266 instruxere
430 3200 531 3286 epulis
548 3222 689 3277 mensas,
707 3199 905 3285 dapibusque
922 3198 1049 3265 remotis

234 3287 266 3352 in
277 3309 405 3373 gemma
418 3307 552 3372 posuere
561 3308 694 3350 merum.
721 3298 789 3350 tum
803 3285 961 3350 maximus
970 3285 1073 3361 heros,
1083 3299 1264 3372 (Echinades.)

234 3394 374 3455 aequora
393 3393 466 3456 pros
490 3370 587 3435 iciens
605 3370 705 3435 oculis
722 3369 875 3446 subiecta,
894 3370 995 3455 ‘quis’
1014 3371 1117 3456 inquit

166 3475 216 3525 575
235 3458 304 3521 ‘ille
321 3457 442 3521 locusl’
461 3394 624 3542 digitoque
642 3454 789 3531 ostendit,
810 3462 853 3518 ‘et
871 3456 975 3520 insula
992 3477 1106 3520 nomen

234 3540 323 3625 quod
339 3551 430 3626 gerat
446 3540 514 3618 illa,
532 3541 611 3605 doce
628 3575 671 3587 —
688 3561 882 3623 quamquam
899 3561 963 3604 non
981 3564 1045 3606 una
1062 3540 1210 3607 videtur?

234 3625 351 3691 Amnis
368 3625 409 3689 ad
426 3625 505 3690 haec
523 3633 600 3689 ‘non
619 3625 691 3699 est',
709 3624 811 3707 inquit
828 3626 929 3708 ‘quod
947 3626 1089 3702 cernitis,
1106 3649 1222 3691 uuumr

235 3711 377 3793 quinque
394 3708 499 3774 iacent
518 3723 629 3775 terrae.
674 3709 810 3793 spatium
828 3710 1010 3776 discrimina
1026 3711 1117 3776 fallit.

177 3835 179 3844 ι
236 3815 363 3877 quoque
381 3793 486 3858 minus
503 3806 628 3881 spretae
645 3793 767 3858 factum
783 3793 896 3861 mirere
913 3794 1049 3873 Dianae,

168 3897 219 3946 555
236 3877 356 3942 Naides
373 3876 433 3943 hae
450 3877 585 3943 fuerant.
630 3900 714 3962 quae
731 3899 805 3942 cum
822 3879 871 3944 bis
889 3879 1030 3964 quinque
1046 3881 1200 3948 iuvencos

237 3972 429 4026 mactassent
446 3963 589 4064 rurisque
607 3963 683 4028 deos
701 3962 743 4027 ad
760 3985 851 4045 sacra
867 3977 1044 4046 vocassent,

237 4045 436 4113 immemores
453 4058 552 4112 nostri
568 4049 668 4115 festas
684 4048 804 4122 duxere
822 4050 976 4122 choreas,
