<?xml version="1.0" encoding="UTF-8"?>
<!DOCTYPE html PUBLIC "-//W3C//DTD XHTML 1.0 Transitional//EN"
    "http://www.w3.org/TR/xhtml1/DTD/xhtml1-transitional.dtd">
<html xmlns="http://www.w3.org/1999/xhtml" xml:lang="en" lang="en">
 <head>
  <title>
</title>
<meta http-equiv="Content-Type" content="text/html;charset=utf-8" />
  <meta name='ocr-system' content='tesseract 3.04.00' />
  <meta name='ocr-capabilities' content='ocr_page ocr_carea ocr_par ocr_line ocrx_word'/>
</head>
<body>
  <div class='ocr_page' id='page_1' title='image "./povidiinasonisc00unkngoog_0066.png"; bbox 0 0 2800 4500; ppageno 0'>
   <div class='ocr_carea' id='block_1_1' title="bbox 239 228 928 302">
    <p class='ocr_par' dir='ltr' id='par_1_1' title="bbox 239 228 928 302">
     <span class='ocr_line' id='line_1_1' title="bbox 239 228 928 302; baseline 0.003 -3"><span class='ocrx_word' id='word_1_1' title='bbox 239 228 269 299; x_wconf 78' lang='grc'>3</span> <span class='ocrx_word' id='word_1_2' title='bbox 571 244 604 301; x_wconf 82' lang='grc' dir='ltr'>Ρ.</span> <span class='ocrx_word' id='word_1_3' title='bbox 623 242 928 302; x_wconf 77' lang='lat' dir='ltr'>ouunnusours</span> 
     </span>
    </p>
   </div>
   <div class='ocr_carea' id='block_1_2' title="bbox 131 368 1259 4047">
    <p class='ocr_par' dir='ltr' id='par_1_2' title="bbox 237 368 990 437">
     <span class='ocr_line' id='line_1_2' title="bbox 237 368 990 437; baseline 0.001 -2"><span class='ocrx_word' id='word_1_4' title='bbox 237 382 294 435; x_wconf 91' lang='lat' dir='ltr'>aut</span> <span class='ocrx_word' id='word_1_5' title='bbox 311 369 454 437; x_wconf 80' lang='lat' dir='ltr'>arbiecta</span> <span class='ocrx_word' id='word_1_6' title='bbox 471 381 578 437; x_wconf 88' lang='lat' dir='ltr'>terunt</span> <span class='ocrx_word' id='word_1_7' title='bbox 595 393 711 436; x_wconf 78' lang='lat' dir='ltr'>curvae</span> <span class='ocrx_word' id='word_1_8' title='bbox 731 368 838 436; x_wconf 88' lang='lat' dir='ltr'>vineta</span> <span class='ocrx_word' id='word_1_9' title='bbox 855 371 990 437; x_wconf 89' lang='lat' dir='ltr'>carinae.</span> 
     </span>
    </p>

    <p class='ocr_par' dir='ltr' id='par_1_3' title="bbox 182 456 1110 543">
     <span class='ocr_line' id='line_1_3' title="bbox 182 456 1110 543; baseline 0.001 -21"><span class='ocrx_word' id='word_1_10' title='bbox 182 506 186 511; x_wconf 62' lang='lat'><strong><em>„</em></strong></span> <span class='ocrx_word' id='word_1_11' title='bbox 237 467 285 535; x_wconf 89' lang='lat' dir='ltr'>et,</span> <span class='ocrx_word' id='word_1_12' title='bbox 301 457 396 521; x_wconf 88' lang='lat' dir='ltr'>modo</span> <span class='ocrx_word' id='word_1_13' title='bbox 413 478 479 540; x_wconf 89' lang='lat' dir='ltr'>qua</span> <span class='ocrx_word' id='word_1_14' title='bbox 494 456 629 543; x_wconf 74' lang='lat' dir='ltr'>graciles</span> <span class='ocrx_word' id='word_1_15' title='bbox 646 478 779 542; x_wconf 82' lang='lat' dir='ltr'>gramen</span> <span class='ocrx_word' id='word_1_16' title='bbox 797 478 942 543; x_wconf 77' lang='lat' dir='ltr'><strong>carpsere</strong></span> <span class='ocrx_word' id='word_1_17' title='bbox 959 459 1110 543; x_wconf 78' lang='lat' dir='ltr'>capellae,</span> 
     </span>
    </p>

    <p class='ocr_par' dir='ltr' id='par_1_4' title="bbox 170 541 1076 970">
     <span class='ocr_line' id='line_1_4' title="bbox 170 541 1072 629; baseline -0.001 -19"><span class='ocrx_word' id='word_1_18' title='bbox 170 560 220 612; x_wconf 83' lang='grc'>333</span> <span class='ocrx_word' id='word_1_19' title='bbox 237 563 323 608; x_wconf 87' lang='lat' dir='ltr'>nuno</span> <span class='ocrx_word' id='word_1_20' title='bbox 339 542 384 606; x_wconf 92' lang='lat' dir='ltr'>ibi</span> <span class='ocrx_word' id='word_1_21' title='bbox 402 541 559 608; x_wconf 82' lang='lat' dir='ltr'>deformes</span> <span class='ocrx_word' id='word_1_22' title='bbox 576 553 699 628; x_wconf 88' lang='lat' dir='ltr'>ponunt</span> <span class='ocrx_word' id='word_1_23' title='bbox 716 563 775 607; x_wconf 92' lang='lat' dir='ltr'>sna</span> <span class='ocrx_word' id='word_1_24' title='bbox 792 563 924 628; x_wconf 89' lang='lat' dir='ltr'>corpora</span> <span class='ocrx_word' id='word_1_25' title='bbox 939 542 1072 629; x_wconf 88' lang='lat' dir='ltr'>phocae.</span> 
     </span>
     <span class='ocr_line' id='line_1_5' title="bbox 237 627 1043 712; baseline 0.005 -21"><span class='ocrx_word' id='word_1_26' title='bbox 237 627 392 693; x_wconf 87' lang='lat' dir='ltr'>mirantur</span> <span class='ocrx_word' id='word_1_27' title='bbox 409 628 475 693; x_wconf 64' lang='lat' dir='ltr'>sub⁴</span> <span class='ocrx_word' id='word_1_28' title='bbox 486 649 570 712; x_wconf 89' lang='lat' dir='ltr'>aqua</span> <span class='ocrx_word' id='word_1_29' title='bbox 586 629 675 693; x_wconf 87' lang='lat' dir='ltr'>lucos</span> <span class='ocrx_word' id='word_1_30' title='bbox 691 628 753 692; x_wconf 89' lang='lat' dir='ltr'>urb</span> <span class='ocrx_word' id='word_1_31' title='bbox 810 649 852 694; x_wconf 90' lang='lat' dir='ltr'>ue</span> <span class='ocrx_word' id='word_1_32' title='bbox 869 627 1043 712; x_wconf 88' lang='lat' dir='ltr'>domosque</span> 
     </span>
     <span class='ocr_line' id='line_1_6' title="bbox 236 648 1026 799; baseline 0.001 -20"><span class='ocrx_word' id='word_1_33' title='bbox 236 713 404 791; x_wconf 81' lang='lat' dir='ltr'>Nereides3</span> <span class='ocrx_word' id='word_1_34' title='bbox 422 713 582 797; x_wconf 87' lang='lat' dir='ltr'>silvasque</span> <span class='ocrx_word' id='word_1_35' title='bbox 599 723 708 780; x_wconf 88' lang='lat' dir='ltr'>tenent</span> <span class='ocrx_word' id='word_1_36' title='bbox 726 648 889 799; x_wconf 51' lang='lat' dir='ltr'>defflinm</span> <span class='ocrx_word' id='word_1_37' title='bbox 906 724 938 780; x_wconf 90' lang='lat' dir='ltr'>et</span> <span class='ocrx_word' id='word_1_38' title='bbox 954 714 1026 780; x_wconf 88' lang='lat' dir='ltr'>altis</span> 
     </span>
     <span class='ocr_line' id='line_1_7' title="bbox 236 797 999 885; baseline 0 -21"><span class='ocrx_word' id='word_1_39' title='bbox 236 799 399 865; x_wconf 89' lang='lat' dir='ltr'>incursant</span> <span class='ocrx_word' id='word_1_40' title='bbox 415 797 512 864; x_wconf 89' lang='lat' dir='ltr'>ramis</span> <span class='ocrx_word' id='word_1_41' title='bbox 529 798 714 884; x_wconf 83' lang='lat' dir='ltr'>agitataque</span> <span class='ocrx_word' id='word_1_42' title='bbox 730 798 845 864; x_wconf 91' lang='lat' dir='ltr'>robora</span> <span class='ocrx_word' id='word_1_43' title='bbox 862 800 999 885; x_wconf 84' lang='lat' dir='ltr'>pulsant.</span> 
     </span>
     <span class='ocr_line' id='line_1_8' title="bbox 237 883 1076 970; baseline 0.002 -21"><span class='ocrx_word' id='word_1_44' title='bbox 237 897 294 950; x_wconf 91' lang='lat' dir='ltr'>nat</span> <span class='ocrx_word' id='word_1_45' title='bbox 309 885 405 970; x_wconf 87' lang='lat' dir='ltr'>lupus</span> <span class='ocrx_word' id='word_1_46' title='bbox 422 884 503 950; x_wconf 89' lang='lat' dir='ltr'>inter</span> <span class='ocrx_word' id='word_1_47' title='bbox 520 905 611 960; x_wconf 87' lang='lat' dir='ltr'>oves,</span> <span class='ocrx_word' id='word_1_48' title='bbox 628 883 734 949; x_wconf 86' lang='lat' dir='ltr'>fulvos</span> <span class='ocrx_word' id='word_1_49' title='bbox 752 884 839 950; x_wconf 88' lang='lat' dir='ltr'>vehit</span> <span class='ocrx_word' id='word_1_50' title='bbox 855 883 942 950; x_wconf 91' lang='lat' dir='ltr'>unda</span> <span class='ocrx_word' id='word_1_51' title='bbox 958 885 1076 964; x_wconf 89' lang='lat' dir='ltr'>leones,</span> 
     </span>
    </p>

    <p class='ocr_par' dir='ltr' id='par_1_5' title="bbox 170 968 1018 1293">
     <span class='ocr_line' id='line_1_9' title="bbox 170 968 1018 1057; baseline -0.007 -15"><span class='ocrx_word' id='word_1_52' title='bbox 170 991 220 1042; x_wconf 80' lang='grc'>305</span> <span class='ocrx_word' id='word_1_53' title='bbox 237 969 324 1036; x_wconf 91' lang='lat' dir='ltr'>unda</span> <span class='ocrx_word' id='word_1_54' title='bbox 341 968 428 1037; x_wconf 85' lang='lat' dir='ltr'>vehit</span> <span class='ocrx_word' id='word_1_55' title='bbox 444 969 552 1057; x_wconf 83' lang='lat' dir='ltr'>tigres.</span> <span class='ocrx_word' id='word_1_56' title='bbox 594 991 655 1036; x_wconf 87' lang='lat' dir='ltr'>nec</span> <span class='ocrx_word' id='word_1_57' title='bbox 670 969 755 1035; x_wconf 85' lang='lat' dir='ltr'>vires</span> <span class='ocrx_word' id='word_1_58' title='bbox 772 969 912 1036; x_wconf 85' lang='lat' dir='ltr'>fulminis</span> <span class='ocrx_word' id='word_1_59' title='bbox 930 992 1018 1057; x_wconf 91' lang='lat' dir='ltr'>apro,</span> 
     </span>
     <span class='ocr_line' id='line_1_10' title="bbox 237 1055 937 1140; baseline -0.003 -18"><span class='ocrx_word' id='word_1_60' title='bbox 237 1078 331 1122; x_wconf 87' lang='lat' dir='ltr'>crura</span> <span class='ocrx_word' id='word_1_61' title='bbox 347 1078 406 1122; x_wconf 92' lang='lat' dir='ltr'>nec</span> <span class='ocrx_word' id='word_1_62' title='bbox 423 1056 530 1121; x_wconf 89' lang='lat' dir='ltr'>ablato</span> <span class='ocrx_word' id='word_1_63' title='bbox 546 1065 679 1140; x_wconf 76' lang='lat' dir='ltr'><strong>prosunt</strong></span> <span class='ocrx_word' id='word_1_64' title='bbox 695 1055 817 1120; x_wconf 88' lang='lat' dir='ltr'>velocia</span> <span class='ocrx_word' id='word_1_65' title='bbox 834 1077 937 1122; x_wconf 85' lang='lat' dir='ltr'>cervo.</span> 
     </span>
     <span class='ocr_line' id='line_1_11' title="bbox 237 1140 981 1226; baseline -0.001 -19"><span class='ocrx_word' id='word_1_66' title='bbox 237 1142 450 1226; x_wconf 79' lang='lat' dir='ltr'>quaesitisque</span> <span class='ocrx_word' id='word_1_67' title='bbox 468 1141 524 1206; x_wconf 91' lang='lat' dir='ltr'>diu</span> <span class='ocrx_word' id='word_1_68' title='bbox 540 1140 646 1218; x_wconf 87' lang='lat' dir='ltr'>terris,</span> <span class='ocrx_word' id='word_1_69' title='bbox 663 1140 721 1204; x_wconf 91' lang='lat' dir='ltr'>ubi</span> <span class='ocrx_word' id='word_1_70' title='bbox 738 1141 847 1207; x_wconf 88' lang='lat' dir='ltr'>sistere</span> <span class='ocrx_word' id='word_1_71' title='bbox 864 1155 981 1226; x_wconf 89' lang='lat' dir='ltr'>posset,</span> 
     </span>
     <span class='ocr_line' id='line_1_12' title="bbox 237 1225 991 1293; baseline 0.001 -1"><span class='ocrx_word' id='word_1_72' title='bbox 237 1227 271 1292; x_wconf 93' lang='lat' dir='ltr'>in</span> <span class='ocrx_word' id='word_1_73' title='bbox 288 1249 375 1293; x_wconf 89' lang='lat' dir='ltr'>mare</span> <span class='ocrx_word' id='word_1_74' title='bbox 391 1226 516 1292; x_wconf 87' lang='lat' dir='ltr'>lassatis</span> <span class='ocrx_word' id='word_1_75' title='bbox 532 1225 670 1292; x_wconf 84' lang='lat' dir='ltr'>volucris</span> <span class='ocrx_word' id='word_1_76' title='bbox 688 1249 729 1291; x_wconf 91' lang='lat' dir='ltr'>va</span> <span class='ocrx_word' id='word_1_77' title='bbox 752 1248 772 1291; x_wconf 91' lang='lat' dir='ltr'>a</span> <span class='ocrx_word' id='word_1_78' title='bbox 789 1226 907 1292; x_wconf 89' lang='lat' dir='ltr'>decidit</span> <span class='ocrx_word' id='word_1_79' title='bbox 924 1225 991 1293; x_wconf 89' lang='lat' dir='ltr'>alis.</span> 
     </span>
    </p>

    <p class='ocr_par' dir='ltr' id='par_1_6' title="bbox 131 1249 972 1398">
     <span class='ocr_line' id='line_1_13' title="bbox 131 1249 972 1398; baseline 0 -20"><span class='ocrx_word' id='word_1_80' title='bbox 131 1316 133 1320; x_wconf 76' lang='grc'>’</span> <span class='ocrx_word' id='word_1_81' title='bbox 237 1314 386 1378; x_wconf 87' lang='lat' dir='ltr'>obruerat</span> <span class='ocrx_word' id='word_1_82' title='bbox 403 1312 541 1378; x_wconf 90' lang='lat' dir='ltr'>tumulos</span> <span class='ocrx_word' id='word_1_83' title='bbox 557 1310 714 1377; x_wconf 89' lang='lat' dir='ltr'>immensa</span> <span class='ocrx_word' id='word_1_84' title='bbox 729 1249 857 1378; x_wconf 62' lang='lat' dir='ltr'>boanda</span> <span class='ocrx_word' id='word_1_85' title='bbox 873 1312 972 1398; x_wconf 92' lang='lat' dir='ltr'>ponti,</span> 
     </span>
    </p>

    <p class='ocr_par' dir='ltr' id='par_1_7' title="bbox 170 1397 1128 1655">
     <span class='ocr_line' id='line_1_14' title="bbox 170 1397 1054 1485; baseline -0.001 -21"><span class='ocrx_word' id='word_1_86' title='bbox 170 1419 221 1470; x_wconf 82' lang='lat' dir='ltr'>aro</span> <span class='ocrx_word' id='word_1_87' title='bbox 237 1398 471 1485; x_wconf 84' lang='lat' dir='ltr'>pulsabantque</span> <span class='ocrx_word' id='word_1_88' title='bbox 488 1398 563 1463; x_wconf 87' lang='lat' dir='ltr'>novi</span> <span class='ocrx_word' id='word_1_89' title='bbox 580 1407 731 1462; x_wconf 88' lang='lat' dir='ltr'>montana</span> <span class='ocrx_word' id='word_1_90' title='bbox 748 1397 913 1463; x_wconf 90' lang='lat' dir='ltr'>cacumina</span> <span class='ocrx_word' id='word_1_91' title='bbox 929 1398 1054 1464; x_wconf 89' lang='lat' dir='ltr'>fluctus.</span> 
     </span>
     <span class='ocr_line' id='line_1_15' title="bbox 237 1482 1128 1571; baseline -0.002 -22"><span class='ocrx_word' id='word_1_92' title='bbox 237 1483 377 1549; x_wconf 83' lang='lat' dir='ltr'>maxima</span> <span class='ocrx_word' id='word_1_93' title='bbox 393 1504 467 1569; x_wconf 88' lang='lat' dir='ltr'>pars</span> <span class='ocrx_word' id='word_1_94' title='bbox 484 1483 572 1547; x_wconf 86' lang='lat' dir='ltr'>unda</span> <span class='ocrx_word' id='word_1_95' title='bbox 587 1483 722 1569; x_wconf 86' lang='lat' dir='ltr'>rapitur:</span> <span class='ocrx_word' id='word_1_96' title='bbox 740 1483 856 1567; x_wconf 90' lang='lat' dir='ltr'>quibus</span> <span class='ocrx_word' id='word_1_97' title='bbox 873 1483 961 1548; x_wconf 89' lang='lat' dir='ltr'>unda</span> <span class='ocrx_word' id='word_1_98' title='bbox 976 1482 1128 1571; x_wconf 87' lang='lat' dir='ltr'>pepercit,</span> 
     </span>
     <span class='ocr_line' id='line_1_16' title="bbox 237 1568 920 1655; baseline 0 -21"><span class='ocrx_word' id='word_1_99' title='bbox 237 1569 308 1634; x_wconf 89' lang='lat' dir='ltr'>illos</span> <span class='ocrx_word' id='word_1_100' title='bbox 325 1570 422 1655; x_wconf 86' lang='lat' dir='ltr'>longa</span> <span class='ocrx_word' id='word_1_101' title='bbox 438 1569 569 1633; x_wconf 88' lang='lat' dir='ltr'>domant</span> <span class='ocrx_word' id='word_1_102' title='bbox 585 1569 672 1654; x_wconf 89' lang='lat' dir='ltr'>inopi</span> <span class='ocrx_word' id='word_1_103' title='bbox 688 1568 807 1634; x_wconf 88' lang='lat' dir='ltr'>ieiunia</span> <span class='ocrx_word' id='word_1_104' title='bbox 823 1569 920 1635; x_wconf 85' lang='lat' dir='ltr'>victu.</span> 
     </span>
    </p>

    <p class='ocr_par' dir='ltr' id='par_1_8' title="bbox 282 1651 1259 1740">
     <span class='ocr_line' id='line_1_17' title="bbox 282 1651 1259 1740; baseline -0.001 -20"><span class='ocrx_word' id='word_1_105' title='bbox 282 1653 417 1740; x_wconf 86' lang='lat' dir='ltr'>Separat</span> <span class='ocrx_word' id='word_1_106' title='bbox 432 1652 556 1719; x_wconf 90' lang='lat' dir='ltr'>Aonios</span> <span class='ocrx_word' id='word_1_107' title='bbox 575 1651 706 1719; x_wconf 87' lang='lat' dir='ltr'>Oetaeis</span> <span class='ocrx_word' id='word_1_108' title='bbox 723 1653 841 1720; x_wconf 89' lang='lat' dir='ltr'>Phocis</span> <span class='ocrx_word' id='word_1_109' title='bbox 858 1654 901 1720; x_wconf 93' lang='lat' dir='ltr'>ab</span> <span class='ocrx_word' id='word_1_110' title='bbox 918 1653 1012 1732; x_wconf 89' lang='lat' dir='ltr'>arvis,</span> <span class='ocrx_word' id='word_1_111' title='bbox 1076 1653 1223 1708; x_wconf 62' lang='lat' dir='ltr'>chssllw</span> <span class='ocrx_word' id='word_1_112' title='bbox 1235 1662 1259 1709; x_wconf 78' lang='lat' dir='ltr'>rt</span> 
     </span>
    </p>

    <p class='ocr_par' dir='ltr' id='par_1_9' title="bbox 179 1724 1224 1825">
     <span class='ocr_line' id='line_1_18' title="bbox 179 1724 1224 1825; baseline 0 -20"><span class='ocrx_word' id='word_1_113' title='bbox 179 1784 181 1791; x_wconf 45' lang='grc' dir='ltr'><strong><em>ι</em></strong></span> <span class='ocrx_word' id='word_1_114' title='bbox 238 1751 323 1807; x_wconf 89' lang='lat' dir='ltr'>terra</span> <span class='ocrx_word' id='word_1_115' title='bbox 339 1740 440 1818; x_wconf 81' lang='lat' dir='ltr'>ferax,</span> <span class='ocrx_word' id='word_1_116' title='bbox 458 1739 535 1804; x_wconf 88' lang='lat' dir='ltr'>dum</span> <span class='ocrx_word' id='word_1_117' title='bbox 549 1750 633 1805; x_wconf 88' lang='lat' dir='ltr'>terra</span> <span class='ocrx_word' id='word_1_118' title='bbox 649 1737 720 1803; x_wconf 82' lang='lat' dir='ltr'>fuit.</span> <span class='ocrx_word' id='word_1_119' title='bbox 747 1739 804 1805; x_wconf 91' lang='lat' dir='ltr'>sed</span> <span class='ocrx_word' id='word_1_120' title='bbox 821 1740 1008 1825; x_wconf 89' lang='lat' dir='ltr'>temporein</span> <span class='ocrx_word' id='word_1_121' title='bbox 1024 1740 1079 1805; x_wconf 91' lang='lat' dir='ltr'>illo</span> <span class='ocrx_word' id='word_1_122' title='bbox 1114 1724 1224 1792; x_wconf 57' lang='lat' dir='ltr'>PWM</span> 
     </span>
    </p>

    <p class='ocr_par' dir='ltr' id='par_1_10' title="bbox 171 1824 1101 2254">
     <span class='ocr_line' id='line_1_19' title="bbox 171 1824 1097 1912; baseline 0.002 -23"><span class='ocrx_word' id='word_1_123' title='bbox 171 1846 220 1896; x_wconf 78' lang='lat'>815</span> <span class='ocrx_word' id='word_1_124' title='bbox 238 1847 312 1912; x_wconf 91' lang='lat' dir='ltr'>pars</span> <span class='ocrx_word' id='word_1_125' title='bbox 329 1826 425 1890; x_wconf 87' lang='lat' dir='ltr'>maris</span> <span class='ocrx_word' id='word_1_126' title='bbox 442 1836 474 1891; x_wconf 91' lang='lat' dir='ltr'>et</span> <span class='ocrx_word' id='word_1_127' title='bbox 490 1827 573 1890; x_wconf 91' lang='lat' dir='ltr'>latus</span> <span class='ocrx_word' id='word_1_128' title='bbox 590 1824 767 1890; x_wconf 88' lang='lat' dir='ltr'>subitarum</span> <span class='ocrx_word' id='word_1_129' title='bbox 784 1846 914 1911; x_wconf 87' lang='lat' dir='ltr'>campus</span> <span class='ocrx_word' id='word_1_130' title='bbox 932 1846 1097 1909; x_wconf 84' lang='lat' dir='ltr'>aquarum.</span> 
     </span>
     <span class='ocr_line' id='line_1_20' title="bbox 237 1910 1064 1996; baseline 0 -20"><span class='ocrx_word' id='word_1_131' title='bbox 237 1933 328 1976; x_wconf 90' lang='lat' dir='ltr'>mons</span> <span class='ocrx_word' id='word_1_132' title='bbox 346 1911 391 1976; x_wconf 91' lang='lat' dir='ltr'>ibi</span> <span class='ocrx_word' id='word_1_133' title='bbox 407 1910 579 1977; x_wconf 84' lang='lat' dir='ltr'>verticibus</span> <span class='ocrx_word' id='word_1_134' title='bbox 596 1910 675 1996; x_wconf 89' lang='lat' dir='ltr'>petit</span> <span class='ocrx_word' id='word_1_135' title='bbox 691 1910 811 1976; x_wconf 90' lang='lat' dir='ltr'>arduus</span> <span class='ocrx_word' id='word_1_136' title='bbox 828 1921 913 1976; x_wconf 89' lang='lat' dir='ltr'>astra</span> <span class='ocrx_word' id='word_1_137' title='bbox 929 1911 1064 1987; x_wconf 90' lang='lat' dir='ltr'>duobus,</span> 
     </span>
     <span class='ocr_line' id='line_1_21' title="bbox 237 1996 1101 2083; baseline 0 -21"><span class='ocrx_word' id='word_1_138' title='bbox 237 1997 365 2062; x_wconf 91' lang='lat' dir='ltr'>nomine</span> <span class='ocrx_word' id='word_1_139' title='bbox 381 1996 559 2074; x_wconf 87' lang='lat' dir='ltr'>Parnasus,</span> <span class='ocrx_word' id='word_1_140' title='bbox 576 2007 789 2083; x_wconf 86' lang='lat' dir='ltr'>superantque</span> <span class='ocrx_word' id='word_1_141' title='bbox 807 1996 972 2061; x_wconf 89' lang='lat' dir='ltr'>cacumina</span> <span class='ocrx_word' id='word_1_142' title='bbox 988 1997 1101 2063; x_wconf 86' lang='lat' dir='ltr'>nubes.</span> 
     </span>
     <span class='ocr_line' id='line_1_22' title="bbox 238 2079 1074 2167; baseline -0.002 -19"><span class='ocrx_word' id='word_1_143' title='bbox 238 2082 289 2148; x_wconf 92' lang='lat' dir='ltr'>hic</span> <span class='ocrx_word' id='word_1_144' title='bbox 306 2083 362 2147; x_wconf 93' lang='lat' dir='ltr'>ubi</span> <span class='ocrx_word' id='word_1_145' title='bbox 378 2081 557 2148; x_wconf 82' lang='lat' dir='ltr'>Deucalion</span> <span class='ocrx_word' id='word_1_146' title='bbox 574 2079 664 2166; x_wconf 81' lang='lat' dir='ltr'>(nam</span> <span class='ocrx_word' id='word_1_147' title='bbox 680 2092 786 2148; x_wconf 90' lang='lat' dir='ltr'>cetera</span> <span class='ocrx_word' id='word_1_148' title='bbox 802 2093 923 2148; x_wconf 86' lang='lat' dir='ltr'>texerat</span> <span class='ocrx_word' id='word_1_149' title='bbox 940 2083 1074 2167; x_wconf 88' lang='lat' dir='ltr'>aequor)</span> 
     </span>
     <span class='ocr_line' id='line_1_23' title="bbox 238 2166 1048 2254; baseline -0.001 -21"><span class='ocrx_word' id='word_1_150' title='bbox 238 2191 311 2234; x_wconf 91' lang='lat' dir='ltr'>cum</span> <span class='ocrx_word' id='word_1_151' title='bbox 329 2179 472 2234; x_wconf 87' lang='lat' dir='ltr'>consorte</span> <span class='ocrx_word' id='word_1_152' title='bbox 490 2167 550 2233; x_wconf 89' lang='lat' dir='ltr'>tori</span> <span class='ocrx_word' id='word_1_153' title='bbox 566 2189 666 2254; x_wconf 83' lang='lat' dir='ltr'>parva</span> <span class='ocrx_word' id='word_1_154' title='bbox 681 2177 751 2234; x_wconf 87' lang='lat' dir='ltr'>rate</span> <span class='ocrx_word' id='word_1_155' title='bbox 767 2179 877 2234; x_wconf 87' lang='lat' dir='ltr'>vectus</span> <span class='ocrx_word' id='word_1_156' title='bbox 894 2166 1048 2245; x_wconf 87' lang='lat' dir='ltr'>adhaesit,</span> 
     </span>
    </p>

    <p class='ocr_par' dir='ltr' id='par_1_11' title="bbox 171 2252 1106 2683">
     <span class='ocr_line' id='line_1_24' title="bbox 171 2252 1070 2340; baseline -0.007 -16"><span class='ocrx_word' id='word_1_157' title='bbox 171 2275 221 2326; x_wconf 79' lang='grc'>333</span> <span class='ocrx_word' id='word_1_158' title='bbox 240 2252 415 2340; x_wconf 82' lang='lat' dir='ltr'>Corycidas</span> <span class='ocrx_word' id='word_1_159' title='bbox 431 2277 508 2340; x_wconf 91' lang='lat' dir='ltr'>nym</span> <span class='ocrx_word' id='word_1_160' title='bbox 530 2254 588 2320; x_wconf 83' lang='lat' dir='ltr'>has</span> <span class='ocrx_word' id='word_1_161' title='bbox 606 2266 639 2320; x_wconf 90' lang='lat' dir='ltr'>et</span> <span class='ocrx_word' id='word_1_162' title='bbox 654 2253 787 2319; x_wconf 88' lang='lat' dir='ltr'>numina</span> <span class='ocrx_word' id='word_1_163' title='bbox 803 2253 919 2321; x_wconf 88' lang='lat' dir='ltr'>montis</span> <span class='ocrx_word' id='word_1_164' title='bbox 936 2254 1070 2319; x_wconf 90' lang='lat' dir='ltr'>adorant</span> 
     </span>
     <span class='ocr_line' id='line_1_25' title="bbox 238 2277 1106 2424; baseline 0.001 -19"><span class='ocrx_word' id='word_1_165' title='bbox 238 2340 465 2424; x_wconf 81' lang='lat' dir='ltr'>fatidicamque</span> <span class='ocrx_word' id='word_1_166' title='bbox 481 2277 633 2417; x_wconf 77' lang='lat' dir='ltr'>Themin,</span> <span class='ocrx_word' id='word_1_167' title='bbox 651 2360 735 2423; x_wconf 91' lang='lat' dir='ltr'>quae</span> <span class='ocrx_word' id='word_1_168' title='bbox 751 2351 829 2405; x_wconf 87' lang='lat' dir='ltr'>tunc</span> <span class='ocrx_word' id='word_1_169' title='bbox 846 2340 951 2405; x_wconf 91' lang='lat' dir='ltr'>oracla</span> <span class='ocrx_word' id='word_1_170' title='bbox 967 2340 1106 2406; x_wconf 82' lang='lat' dir='ltr'>tenebat.</span> 
     </span>
     <span class='ocr_line' id='line_1_26' title="bbox 238 2424 1048 2510; baseline -0.002 -19"><span class='ocrx_word' id='word_1_171' title='bbox 238 2448 303 2491; x_wconf 91' lang='lat' dir='ltr'>non</span> <span class='ocrx_word' id='word_1_172' title='bbox 319 2425 374 2490; x_wconf 92' lang='lat' dir='ltr'>illo</span> <span class='ocrx_word' id='word_1_173' title='bbox 391 2425 503 2491; x_wconf 86' lang='lat' dir='ltr'>mehor</span> <span class='ocrx_word' id='word_1_174' title='bbox 518 2424 687 2508; x_wconf 90' lang='lat' dir='ltr'>quisquam</span> <span class='ocrx_word' id='word_1_175' title='bbox 703 2446 764 2490; x_wconf 94' lang='lat' dir='ltr'>nec</span> <span class='ocrx_word' id='word_1_176' title='bbox 781 2426 937 2491; x_wconf 87' lang='lat' dir='ltr'>amantior</span> <span class='ocrx_word' id='word_1_177' title='bbox 953 2425 1048 2510; x_wconf 90' lang='lat' dir='ltr'>aequi</span> 
     </span>
     <span class='ocr_line' id='line_1_27' title="bbox 237 2510 969 2587; baseline -0.003 -11"><span class='ocrx_word' id='word_1_178' title='bbox 237 2511 288 2576; x_wconf 84' lang='lat' dir='ltr'>vir</span> <span class='ocrx_word' id='word_1_179' title='bbox 303 2510 378 2587; x_wconf 85' lang='lat' dir='ltr'>fuit,</span> <span class='ocrx_word' id='word_1_180' title='bbox 397 2522 453 2575; x_wconf 88' lang='lat' dir='ltr'>aut</span> <span class='ocrx_word' id='word_1_181' title='bbox 468 2510 524 2574; x_wconf 93' lang='lat' dir='ltr'>illa</span> <span class='ocrx_word' id='word_1_182' title='bbox 540 2510 731 2576; x_wconf 89' lang='lat' dir='ltr'>metuentior</span> <span class='ocrx_word' id='word_1_183' title='bbox 747 2510 811 2575; x_wconf 91' lang='lat' dir='ltr'>ulla</span> <span class='ocrx_word' id='word_1_184' title='bbox 829 2511 969 2575; x_wconf 88' lang='lat' dir='ltr'>deorum&#39;.</span> 
     </span>
     <span class='ocr_line' id='line_1_28' title="bbox 237 2595 1056 2683; baseline -0.002 -21"><span class='ocrx_word' id='word_1_185' title='bbox 237 2596 383 2683; x_wconf 89' lang='lat' dir='ltr'>Iuppiter</span> <span class='ocrx_word' id='word_1_186' title='bbox 398 2606 435 2660; x_wconf 91' lang='lat' dir='ltr'>ut</span> <span class='ocrx_word' id='word_1_187' title='bbox 450 2595 578 2679; x_wconf 90' lang='lat' dir='ltr'>liquidis</span> <span class='ocrx_word' id='word_1_188' title='bbox 595 2605 743 2680; x_wconf 83' lang='lat' dir='ltr'>stagnare</span> <span class='ocrx_word' id='word_1_189' title='bbox 760 2596 929 2681; x_wconf 89' lang='lat' dir='ltr'>paludibus</span> <span class='ocrx_word' id='word_1_190' title='bbox 947 2596 1056 2661; x_wconf 89' lang='lat' dir='ltr'>orbem</span> 
     </span>
    </p>

    <p class='ocr_par' dir='ltr' id='par_1_12' title="bbox 171 2680 1069 3091">
     <span class='ocr_line' id='line_1_29' title="bbox 171 2680 1069 2768; baseline -0.011 -13"><span class='ocrx_word' id='word_1_191' title='bbox 171 2705 220 2755; x_wconf 79' lang='grc'>335</span> <span class='ocrx_word' id='word_1_192' title='bbox 239 2693 271 2748; x_wconf 89' lang='lat' dir='ltr'>et</span> <span class='ocrx_word' id='word_1_193' title='bbox 288 2703 453 2768; x_wconf 85' lang='lat' dir='ltr'>superasse</span> <span class='ocrx_word' id='word_1_194' title='bbox 470 2680 574 2745; x_wconf 85' lang='lat' dir='ltr'>virum</span> <span class='ocrx_word' id='word_1_195' title='bbox 592 2680 632 2746; x_wconf 89' lang='lat' dir='ltr'>de</span> <span class='ocrx_word' id='word_1_196' title='bbox 648 2692 697 2745; x_wconf 90' lang='lat' dir='ltr'>tot</span> <span class='ocrx_word' id='word_1_197' title='bbox 712 2681 808 2746; x_wconf 91' lang='lat' dir='ltr'>modo</span> <span class='ocrx_word' id='word_1_198' title='bbox 825 2682 952 2746; x_wconf 89' lang='lat' dir='ltr'>milibus</span> <span class='ocrx_word' id='word_1_199' title='bbox 969 2703 1069 2746; x_wconf 90' lang='lat' dir='ltr'>unum</span> 
     </span>
     <span class='ocr_line' id='line_1_30' title="bbox 238 2765 1057 2853; baseline -0.005 -19"><span class='ocrx_word' id='word_1_200' title='bbox 238 2778 271 2834; x_wconf 84' lang='lat' dir='ltr'>et</span> <span class='ocrx_word' id='word_1_201' title='bbox 287 2788 451 2853; x_wconf 89' lang='lat' dir='ltr'>superesse</span> <span class='ocrx_word' id='word_1_202' title='bbox 467 2765 555 2832; x_wconf 81' lang='lat' dir='ltr'>videt</span> <span class='ocrx_word' id='word_1_203' title='bbox 571 2765 612 2832; x_wconf 89' lang='lat' dir='ltr'>de</span> <span class='ocrx_word' id='word_1_204' title='bbox 628 2776 676 2832; x_wconf 90' lang='lat' dir='ltr'>tot</span> <span class='ocrx_word' id='word_1_205' title='bbox 692 2766 787 2831; x_wconf 89' lang='lat' dir='ltr'>modo</span> <span class='ocrx_word' id='word_1_206' title='bbox 805 2766 931 2832; x_wconf 90' lang='lat' dir='ltr'>milibus</span> <span class='ocrx_word' id='word_1_207' title='bbox 949 2789 1057 2845; x_wconf 90' lang='lat' dir='ltr'>unam,</span> 
     </span>
     <span class='ocr_line' id='line_1_31' title="bbox 237 2851 979 2929; baseline -0.001 -11"><span class='ocrx_word' id='word_1_208' title='bbox 237 2853 390 2918; x_wconf 90' lang='lat' dir='ltr'>innocuos</span> <span class='ocrx_word' id='word_1_209' title='bbox 408 2851 533 2928; x_wconf 91' lang='lat' dir='ltr'>ambos,</span> <span class='ocrx_word' id='word_1_210' title='bbox 551 2852 686 2918; x_wconf 88' lang='lat' dir='ltr'>cultores</span> <span class='ocrx_word' id='word_1_211' title='bbox 703 2851 841 2918; x_wconf 89' lang='lat' dir='ltr'>numinis</span> <span class='ocrx_word' id='word_1_212' title='bbox 858 2852 979 2929; x_wconf 89' lang='lat' dir='ltr'>ambos,</span> 
     </span>
     <span class='ocr_line' id='line_1_32' title="bbox 237 2936 1010 3023; baseline -0.003 -19"><span class='ocrx_word' id='word_1_213' title='bbox 237 2938 348 3004; x_wconf 88' lang='lat' dir='ltr'>nubila</span> <span class='ocrx_word' id='word_1_214' title='bbox 365 2937 502 3015; x_wconf 86' lang='lat' dir='ltr'>disiecit,</span> <span class='ocrx_word' id='word_1_215' title='bbox 519 2936 698 3023; x_wconf 91' lang='lat' dir='ltr'>nimbisque</span> <span class='ocrx_word' id='word_1_216' title='bbox 716 2937 863 3021; x_wconf 92' lang='lat' dir='ltr'>aquilone</span> <span class='ocrx_word' id='word_1_217' title='bbox 880 2937 1010 3003; x_wconf 89' lang='lat' dir='ltr'>remotis</span> 
     </span>
     <span class='ocr_line' id='line_1_33' title="bbox 238 3022 957 3091; baseline -0.004 -1"><span class='ocrx_word' id='word_1_218' title='bbox 238 3036 270 3091; x_wconf 84' lang='lat' dir='ltr'>et</span> <span class='ocrx_word' id='word_1_219' title='bbox 287 3024 374 3089; x_wconf 90' lang='lat' dir='ltr'>caelo</span> <span class='ocrx_word' id='word_1_220' title='bbox 391 3034 492 3089; x_wconf 89' lang='lat' dir='ltr'>terras</span> <span class='ocrx_word' id='word_1_221' title='bbox 509 3023 645 3090; x_wconf 88' lang='lat' dir='ltr'>ostendit</span> <span class='ocrx_word' id='word_1_222' title='bbox 662 3034 695 3089; x_wconf 92' lang='lat' dir='ltr'>et</span> <span class='ocrx_word' id='word_1_223' title='bbox 712 3022 840 3088; x_wconf 89' lang='lat' dir='ltr'>aethera</span> <span class='ocrx_word' id='word_1_224' title='bbox 856 3022 957 3089; x_wconf 88' lang='lat' dir='ltr'>terris.</span> 
     </span>
    </p>

    <p class='ocr_par' dir='ltr' id='par_1_13' title="bbox 170 3107 1115 3536">
     <span class='ocr_line' id='line_1_34' title="bbox 170 3107 1067 3194; baseline -0.008 -15"><span class='ocrx_word' id='word_1_225' title='bbox 170 3130 221 3182; x_wconf 80' lang='grc'>333</span> <span class='ocrx_word' id='word_1_226' title='bbox 238 3131 297 3175; x_wconf 90' lang='lat' dir='ltr'>neo</span> <span class='ocrx_word' id='word_1_227' title='bbox 314 3108 409 3174; x_wconf 86' lang='lat' dir='ltr'>maris</span> <span class='ocrx_word' id='word_1_228' title='bbox 427 3108 474 3173; x_wconf 89' lang='lat' dir='ltr'>ira</span> <span class='ocrx_word' id='word_1_229' title='bbox 491 3119 612 3186; x_wconf 84' lang='lat' dir='ltr'>manet3</span> <span class='ocrx_word' id='word_1_230' title='bbox 629 3107 796 3194; x_wconf 91' lang='lat' dir='ltr'>positoque</span> <span class='ocrx_word' id='word_1_231' title='bbox 814 3108 986 3194; x_wconf 85' lang='lat' dir='ltr'>tricuspide</span> <span class='ocrx_word' id='word_1_232' title='bbox 1004 3107 1067 3173; x_wconf 94' lang='lat' dir='ltr'>telo</span> 
     </span>
     <span class='ocr_line' id='line_1_35' title="bbox 236 3194 1115 3280; baseline -0.001 -20"><span class='ocrx_word' id='word_1_233' title='bbox 236 3195 355 3260; x_wconf 90' lang='lat' dir='ltr'>mulcet</span> <span class='ocrx_word' id='word_1_234' title='bbox 373 3215 471 3278; x_wconf 90' lang='lat' dir='ltr'>aquas</span> <span class='ocrx_word' id='word_1_235' title='bbox 488 3206 591 3259; x_wconf 89' lang='lat' dir='ltr'>rector</span> <span class='ocrx_word' id='word_1_236' title='bbox 607 3194 728 3280; x_wconf 85' lang='lat' dir='ltr'>pelagi,</span> <span class='ocrx_word' id='word_1_237' title='bbox 746 3215 904 3279; x_wconf 87' lang='lat' dir='ltr'>supraque</span> <span class='ocrx_word' id='word_1_238' title='bbox 921 3194 1115 3280; x_wconf 87' lang='lat' dir='ltr'>profundum</span> 
     </span>
     <span class='ocr_line' id='line_1_36' title="bbox 238 3279 1054 3363; baseline -0.004 -17"><span class='ocrx_word' id='word_1_239' title='bbox 238 3290 398 3346; x_wconf 87' lang='lat' dir='ltr'>extantem</span> <span class='ocrx_word' id='word_1_240' title='bbox 415 3291 511 3363; x_wconf 89' lang='lat' dir='ltr'>atque</span> <span class='ocrx_word' id='word_1_241' title='bbox 528 3301 655 3345; x_wconf 87' lang='lat' dir='ltr'>umeros</span> <span class='ocrx_word' id='word_1_242' title='bbox 672 3280 780 3343; x_wconf 89' lang='lat' dir='ltr'>innato</span> <span class='ocrx_word' id='word_1_243' title='bbox 798 3279 917 3345; x_wconf 89' lang='lat' dir='ltr'>murice</span> <span class='ocrx_word' id='word_1_244' title='bbox 935 3289 1054 3344; x_wconf 92' lang='lat' dir='ltr'>tectum</span> 
     </span>
     <span class='ocr_line' id='line_1_37' title="bbox 238 3364 1056 3448; baseline -0.001 -17"><span class='ocrx_word' id='word_1_245' title='bbox 238 3366 418 3431; x_wconf 87' lang='lat' dir='ltr'>caeruleum</span> <span class='ocrx_word' id='word_1_246' title='bbox 434 3365 569 3430; x_wconf 82' lang='lat' dir='ltr'>Tritona</span> <span class='ocrx_word' id='word_1_247' title='bbox 585 3375 692 3442; x_wconf 90' lang='lat' dir='ltr'>vocat,</span> <span class='ocrx_word' id='word_1_248' title='bbox 710 3365 913 3448; x_wconf 89' lang='lat' dir='ltr'>conchaeque</span> <span class='ocrx_word' id='word_1_249' title='bbox 931 3364 1056 3430; x_wconf 87' lang='lat' dir='ltr'>sonanti</span> 
     </span>
     <span class='ocr_line' id='line_1_38' title="bbox 236 3449 995 3536; baseline 0 -21"><span class='ocrx_word' id='word_1_250' title='bbox 236 3450 390 3536; x_wconf 89' lang='lat' dir='ltr'>inspirare</span> <span class='ocrx_word' id='word_1_251' title='bbox 406 3451 495 3516; x_wconf 89' lang='lat' dir='ltr'>iubet</span> <span class='ocrx_word' id='word_1_252' title='bbox 511 3449 690 3533; x_wconf 86' lang='lat' dir='ltr'>fluctusque</span> <span class='ocrx_word' id='word_1_253' title='bbox 708 3461 740 3515; x_wconf 92' lang='lat' dir='ltr'>et</span> <span class='ocrx_word' id='word_1_254' title='bbox 756 3450 888 3515; x_wconf 88' lang='lat' dir='ltr'>flumina</span> <span class='ocrx_word' id='word_1_255' title='bbox 903 3450 995 3535; x_wconf 82' lang='lat' dir='ltr'>signo</span> 
     </span>
    </p>

    <p class='ocr_par' dir='ltr' id='par_1_14' title="bbox 170 3535 1083 3878">
     <span class='ocr_line' id='line_1_39' title="bbox 170 3535 1034 3606; baseline -0.006 0"><span class='ocrx_word' id='word_1_256' title='bbox 170 3556 219 3606; x_wconf 82' lang='grc'>335</span> <span class='ocrx_word' id='word_1_257' title='bbox 236 3535 301 3601; x_wconf 89' lang='lat' dir='ltr'>iam</span> <span class='ocrx_word' id='word_1_258' title='bbox 318 3557 466 3601; x_wconf 89' lang='lat' dir='ltr'>revocare</span> <span class='ocrx_word' id='word_1_259' title='bbox 483 3536 565 3600; x_wconf 88' lang='lat' dir='ltr'>dato.</span> <span class='ocrx_word' id='word_1_260' title='bbox 609 3557 688 3601; x_wconf 90' lang='lat' dir='ltr'>cava</span> <span class='ocrx_word' id='word_1_261' title='bbox 705 3535 821 3600; x_wconf 90' lang='lat' dir='ltr'>bucina</span> <span class='ocrx_word' id='word_1_262' title='bbox 838 3535 972 3600; x_wconf 87' lang='lat' dir='ltr'>sumitur</span> <span class='ocrx_word' id='word_1_263' title='bbox 988 3535 1034 3601; x_wconf 91' lang='lat' dir='ltr'>illi</span> 
     </span>
     <span class='ocr_line' id='line_1_40' title="bbox 237 3620 1054 3704; baseline 0 -18"><span class='ocrx_word' id='word_1_264' title='bbox 237 3621 363 3697; x_wconf 87' lang='lat' dir='ltr'>tortilis,</span> <span class='ocrx_word' id='word_1_265' title='bbox 380 3621 413 3685; x_wconf 90' lang='lat' dir='ltr'>in</span> <span class='ocrx_word' id='word_1_266' title='bbox 430 3621 530 3686; x_wconf 86' lang='lat' dir='ltr'>latum</span> <span class='ocrx_word' id='word_1_267' title='bbox 547 3642 630 3704; x_wconf 91' lang='lat' dir='ltr'>quae</span> <span class='ocrx_word' id='word_1_268' title='bbox 647 3620 773 3687; x_wconf 90' lang='lat' dir='ltr'>turbine</span> <span class='ocrx_word' id='word_1_269' title='bbox 791 3620 903 3686; x_wconf 87' lang='lat' dir='ltr'>crescit</span> <span class='ocrx_word' id='word_1_270' title='bbox 921 3621 962 3685; x_wconf 92' lang='lat' dir='ltr'>ab</span> <span class='ocrx_word' id='word_1_271' title='bbox 978 3621 1054 3698; x_wconf 90' lang='lat' dir='ltr'>imo,</span> 
     </span>
     <span class='ocr_line' id='line_1_41' title="bbox 237 3706 1041 3792; baseline 0 -20"><span class='ocrx_word' id='word_1_272' title='bbox 237 3706 368 3782; x_wconf 90' lang='lat' dir='ltr'>bucina,</span> <span class='ocrx_word' id='word_1_273' title='bbox 386 3727 468 3790; x_wconf 91' lang='lat' dir='ltr'>quae</span> <span class='ocrx_word' id='word_1_274' title='bbox 485 3707 590 3773; x_wconf 88' lang='lat' dir='ltr'>medio</span> <span class='ocrx_word' id='word_1_275' title='bbox 607 3706 754 3792; x_wconf 90' lang='lat' dir='ltr'>concepit</span> <span class='ocrx_word' id='word_1_276' title='bbox 769 3706 825 3772; x_wconf 91' lang='lat' dir='ltr'>ubi</span> <span class='ocrx_word' id='word_1_277' title='bbox 842 3712 916 3770; x_wconf 85' lang='lat' dir='ltr'>a‘e&#39;ra</span> <span class='ocrx_word' id='word_1_278' title='bbox 955 3719 1041 3783; x_wconf 86' lang='lat' dir='ltr'>outo,</span> 
     </span>
     <span class='ocr_line' id='line_1_42' title="bbox 236 3791 1083 3878; baseline 0 -21"><span class='ocrx_word' id='word_1_279' title='bbox 236 3792 330 3858; x_wconf 91' lang='lat' dir='ltr'>litora</span> <span class='ocrx_word' id='word_1_280' title='bbox 346 3814 424 3857; x_wconf 85' lang='lat' dir='ltr'>voce</span> <span class='ocrx_word' id='word_1_281' title='bbox 441 3792 542 3878; x_wconf 90' lang='lat' dir='ltr'>replet</span> <span class='ocrx_word' id='word_1_282' title='bbox 559 3791 619 3857; x_wconf 91' lang='lat' dir='ltr'>sub</span> <span class='ocrx_word' id='word_1_283' title='bbox 636 3804 771 3875; x_wconf 90' lang='lat' dir='ltr'>utroque</span> <span class='ocrx_word' id='word_1_284' title='bbox 788 3791 923 3857; x_wconf 89' lang='lat' dir='ltr'>iacentia</span> <span class='ocrx_word' id='word_1_285' title='bbox 970 3792 1083 3857; x_wconf 89' lang='lat' dir='ltr'>hoebo.</span> 
     </span>
    </p>

    <p class='ocr_par' dir='ltr' id='par_1_15' title="bbox 179 3876 1083 3962">
     <span class='ocr_line' id='line_1_43' title="bbox 179 3876 1083 3962; baseline -0.001 -19"><span class='ocrx_word' id='word_1_286' title='bbox 179 3927 181 3932; x_wconf 82' lang='lat'><em>-</em></span> <span class='ocrx_word' id='word_1_287' title='bbox 236 3890 313 3943; x_wconf 90' lang='lat' dir='ltr'>tunc</span> <span class='ocrx_word' id='word_1_288' title='bbox 330 3898 471 3962; x_wconf 90' lang='lat' dir='ltr'>quoque,</span> <span class='ocrx_word' id='word_1_289' title='bbox 488 3889 525 3943; x_wconf 92' lang='lat' dir='ltr'>ut</span> <span class='ocrx_word' id='word_1_290' title='bbox 542 3899 598 3942; x_wconf 92' lang='lat' dir='ltr'>ora</span> <span class='ocrx_word' id='word_1_291' title='bbox 615 3876 667 3943; x_wconf 88' lang='lat' dir='ltr'>dei</span> <span class='ocrx_word' id='word_1_292' title='bbox 684 3876 813 3942; x_wconf 88' lang='lat' dir='ltr'>madida</span> <span class='ocrx_word' id='word_1_293' title='bbox 828 3878 966 3942; x_wconf 86' lang='lat' dir='ltr'>rorantia</span> <span class='ocrx_word' id='word_1_294' title='bbox 983 3878 1083 3943; x_wconf 90' lang='lat' dir='ltr'>barba</span> 
     </span>
    </p>

    <p class='ocr_par' dir='ltr' id='par_1_16' title="bbox 169 3961 965 4047">
     <span class='ocr_line' id='line_1_44' title="bbox 169 3961 965 4047; baseline -0.006 -13"><span class='ocrx_word' id='word_1_295' title='bbox 169 3984 220 4035; x_wconf 83' lang='grc'>343</span> <span class='ocrx_word' id='word_1_296' title='bbox 238 3962 321 4029; x_wconf 91' lang='lat' dir='ltr'>conti</span> <span class='ocrx_word' id='word_1_297' title='bbox 346 3962 371 4029; x_wconf 85' lang='lat' dir='ltr'>‘t</span> <span class='ocrx_word' id='word_1_298' title='bbox 387 3975 418 4029; x_wconf 91' lang='lat' dir='ltr'>et</span> <span class='ocrx_word' id='word_1_299' title='bbox 435 3962 548 4028; x_wconf 84' lang='lat' dir='ltr'>cecinit</span> <span class='ocrx_word' id='word_1_300' title='bbox 564 3961 667 4028; x_wconf 91' lang='lat' dir='ltr'>iussos</span> <span class='ocrx_word' id='word_1_301' title='bbox 684 3962 794 4028; x_wconf 89' lang='lat' dir='ltr'>inflata</span> <span class='ocrx_word' id='word_1_302' title='bbox 810 3976 965 4047; x_wconf 87' lang='lat' dir='ltr'>receptus,</span> 
     </span>
    </p>
   </div>
   <div class='ocr_carea' id='block_1_3' title="bbox 236 4047 1044 4138">
    <p class='ocr_par' dir='ltr' id='par_1_17' title="bbox 236 4047 1044 4138">
     <span class='ocr_line' id='line_1_45' title="bbox 236 4047 1044 4138; baseline -0.011 -15"><span class='ocrx_word' id='word_1_303' title='bbox 236 4049 323 4123; x_wconf 82' lang='lat' dir='ltr'>omni</span> <span class='ocrx_word' id='word_1_304' title='bbox 345 4072 384 4121; x_wconf 87' lang='lat' dir='ltr'>us</span> <span class='ocrx_word' id='word_1_305' title='bbox 401 4047 510 4119; x_wconf 87' lang='lat' dir='ltr'>audita</span> <span class='ocrx_word' id='word_1_306' title='bbox 526 4059 574 4122; x_wconf 79' lang='lat' dir='ltr'>eat</span> <span class='ocrx_word' id='word_1_307' title='bbox 590 4047 711 4120; x_wconf 88' lang='lat' dir='ltr'>telluris</span> <span class='ocrx_word' id='word_1_308' title='bbox 729 4059 761 4117; x_wconf 91' lang='lat' dir='ltr'>et</span> <span class='ocrx_word' id='word_1_309' title='bbox 778 4050 923 4138; x_wconf 85' lang='lat' dir='ltr'>aequoria</span> <span class='ocrx_word' id='word_1_310' title='bbox 940 4047 1044 4129; x_wconf 84' lang='lat' dir='ltr'>undis,</span> 
     </span>
    </p>
   </div>
   <div class='ocr_carea' id='block_1_4' title="bbox 0 0 1404 4500">
    <p class='ocr_par' dir='ltr' id='par_1_18' title="bbox 0 0 1404 4500">
     <span class='ocr_line' id='line_1_46' title="bbox 0 0 1404 4500; baseline 0 0"><span class='ocrx_word' id='word_1_311' title='bbox 0 0 1404 4500; x_wconf 95' lang='lat' dir='ltr'> </span> 
     </span>
    </p>
   </div>
  </div>
 </body>
</html>
