<?xml version="1.0" encoding="UTF-8"?>
<!DOCTYPE html PUBLIC "-//W3C//DTD XHTML 1.0 Transitional//EN"
    "http://www.w3.org/TR/xhtml1/DTD/xhtml1-transitional.dtd">
<html xmlns="http://www.w3.org/1999/xhtml" xml:lang="en" lang="en">
 <head>
  <title>
</title>
<meta http-equiv="Content-Type" content="text/html;charset=utf-8" />
  <meta name='ocr-system' content='tesseract 3.04.00' />
  <meta name='ocr-capabilities' content='ocr_page ocr_carea ocr_par ocr_line ocrx_word'/>
</head>
<body>
  <div class='ocr_page' id='page_1' title='image "./povidiinasonisc00unkngoog_0126.png"; bbox 0 0 2800 4500; ppageno 0'>
   <div class='ocr_carea' id='block_1_1' title="bbox 228 286 916 362">
    <p class='ocr_par' dir='ltr' id='par_1_1' title="bbox 228 286 916 362">
     <span class='ocr_line' id='line_1_1' title="bbox 228 286 916 362; baseline 0.003 -5"><span class='ocrx_word' id='word_1_1' title='bbox 228 286 271 357; x_wconf 82' lang='grc'>58</span> <span class='ocrx_word' id='word_1_2' title='bbox 559 300 584 360; x_wconf 90' lang='grc' dir='ltr'><strong>Ρ</strong></span> <span class='ocrx_word' id='word_1_3' title='bbox 612 298 737 362; x_wconf 87' lang='lat' dir='ltr'>OVIDII</span> <span class='ocrx_word' id='word_1_4' title='bbox 753 297 916 360; x_wconf 79' lang='lat' dir='ltr'>NASONIS</span> 
     </span>
    </p>
   </div>
   <div class='ocr_carea' id='block_1_2' title="bbox 55 426 1250 3590">
    <p class='ocr_par' dir='ltr' id='par_1_2' title="bbox 55 426 1250 3590">
     <span class='ocr_line' id='line_1_2' title="bbox 229 426 1007 495; baseline 0 -2"><span class='ocrx_word' id='word_1_5' title='bbox 229 428 383 494; x_wconf 86' lang='lat' dir='ltr'>audacem</span> <span class='ocrx_word' id='word_1_6' title='bbox 399 426 537 494; x_wconf 76' lang='lat' dir='ltr'>faciebat</span> <span class='ocrx_word' id='word_1_7' title='bbox 553 451 650 494; x_wconf 91' lang='lat' dir='ltr'>amor.</span> <span class='ocrx_word' id='word_1_8' title='bbox 694 428 781 495; x_wconf 87' lang='lat' dir='ltr'>venit</span> <span class='ocrx_word' id='word_1_9' title='bbox 797 450 871 495; x_wconf 91' lang='lat' dir='ltr'>ecce</span> <span class='ocrx_word' id='word_1_10' title='bbox 887 426 1007 493; x_wconf 81' lang='lat' dir='ltr'>recenti</span> 
     </span>
     <span class='ocr_line' id='line_1_3' title="bbox 229 514 1009 601; baseline 0 -23"><span class='ocrx_word' id='word_1_11' title='bbox 229 514 326 579; x_wconf 88' lang='lat' dir='ltr'>caede</span> <span class='ocrx_word' id='word_1_12' title='bbox 342 514 454 580; x_wconf 88' lang='lat' dir='ltr'>leaena</span> <span class='ocrx_word' id='word_1_13' title='bbox 470 514 568 579; x_wconf 90' lang='lat' dir='ltr'>boum</span> <span class='ocrx_word' id='word_1_14' title='bbox 585 525 769 601; x_wconf 75' lang='lat' dir='ltr'>spumantes</span> <span class='ocrx_word' id='word_1_15' title='bbox 786 514 885 580; x_wconf 86' lang='lat' dir='ltr'>oblita</span> <span class='ocrx_word' id='word_1_16' title='bbox 901 514 1009 591; x_wconf 89' lang='lat' dir='ltr'>rictus,</span> 
     </span>
     <span class='ocr_line' id='line_1_4' title="bbox 229 599 903 685; baseline 0.001 -22"><span class='ocrx_word' id='word_1_17' title='bbox 229 599 412 685; x_wconf 83' lang='lat' dir='ltr'>depositura</span> <span class='ocrx_word' id='word_1_18' title='bbox 429 599 512 664; x_wconf 85' lang='lat' dir='ltr'>sitim</span> <span class='ocrx_word' id='word_1_19' title='bbox 529 600 625 665; x_wconf 85' lang='lat' dir='ltr'>vicini</span> <span class='ocrx_word' id='word_1_20' title='bbox 642 599 740 665; x_wconf 88' lang='lat' dir='ltr'>fontis</span> <span class='ocrx_word' id='word_1_21' title='bbox 756 600 790 664; x_wconf 89' lang='lat' dir='ltr'>in</span> <span class='ocrx_word' id='word_1_22' title='bbox 807 600 903 664; x_wconf 87' lang='lat' dir='ltr'>unda.</span> 
     </span>
     <span class='ocr_line' id='line_1_5' title="bbox 219 674 1078 771; baseline -0.002 -21"><span class='ocrx_word' id='word_1_23' title='bbox 219 674 326 769; x_wconf 62' lang='lat' dir='ltr'>&#39;duam</span> <span class='ocrx_word' id='word_1_24' title='bbox 342 685 453 770; x_wconf 86' lang='lat' dir='ltr'>procul</span> <span class='ocrx_word' id='word_1_25' title='bbox 470 686 512 750; x_wconf 87' lang='lat' dir='ltr'>sd</span> <span class='ocrx_word' id='word_1_26' title='bbox 528 687 623 751; x_wconf 87' lang='lat' dir='ltr'>lunae</span> <span class='ocrx_word' id='word_1_27' title='bbox 639 685 745 750; x_wconf 88' lang='lat' dir='ltr'>radios</span> <span class='ocrx_word' id='word_1_28' title='bbox 762 685 942 771; x_wconf 86' lang='lat' dir='ltr'>Babylonia</span> <span class='ocrx_word' id='word_1_29' title='bbox 958 684 1078 749; x_wconf 83' lang='lat' dir='ltr'>Thisbe</span> 
     </span>
     <span class='ocr_line' id='line_1_6' title="bbox 163 770 1103 857; baseline -0.006 -17"><span class='ocrx_word' id='word_1_30' title='bbox 163 791 212 840; x_wconf 88' lang='lat'>100</span> <span class='ocrx_word' id='word_1_31' title='bbox 229 770 322 847; x_wconf 85' lang='lat' dir='ltr'>vidit,</span> <span class='ocrx_word' id='word_1_32' title='bbox 340 780 373 836; x_wconf 90' lang='lat' dir='ltr'>et</span> <span class='ocrx_word' id='word_1_33' title='bbox 389 771 560 836; x_wconf 86' lang='lat' dir='ltr'>obscurum</span> <span class='ocrx_word' id='word_1_34' title='bbox 585 772 698 837; x_wconf 91' lang='lat' dir='ltr'>timido</span> <span class='ocrx_word' id='word_1_35' title='bbox 716 771 800 855; x_wconf 89' lang='lat' dir='ltr'>pede</span> <span class='ocrx_word' id='word_1_36' title='bbox 816 770 900 857; x_wconf 86' lang='lat' dir='ltr'>fugit</span> <span class='ocrx_word' id='word_1_37' title='bbox 915 771 950 834; x_wconf 92' lang='lat' dir='ltr'>in</span> <span class='ocrx_word' id='word_1_38' title='bbox 966 780 1103 847; x_wconf 79' lang='lat' dir='ltr'>antrum,</span> 
     </span>
     <span class='ocr_line' id='line_1_7' title="bbox 230 854 1027 942; baseline -0.003 -21"><span class='ocrx_word' id='word_1_39' title='bbox 230 858 370 940; x_wconf 88' lang='lat' dir='ltr'>dumque</span> <span class='ocrx_word' id='word_1_40' title='bbox 387 855 485 942; x_wconf 86' lang='lat' dir='ltr'>fugit,</span> <span class='ocrx_word' id='word_1_41' title='bbox 503 867 593 942; x_wconf 86' lang='lat' dir='ltr'>tergo</span> <span class='ocrx_word' id='word_1_42' title='bbox 611 857 769 921; x_wconf 89' lang='lat' dir='ltr'>velamina</span> <span class='ocrx_word' id='word_1_43' title='bbox 784 856 876 942; x_wconf 90' lang='lat' dir='ltr'>lapsa</span> <span class='ocrx_word' id='word_1_44' title='bbox 890 854 1027 939; x_wconf 80' lang='lat' dir='ltr'>reliquit.</span> 
     </span>
     <span class='ocr_line' id='line_1_8' title="bbox 229 941 985 1027; baseline -0.003 -20"><span class='ocrx_word' id='word_1_45' title='bbox 229 955 263 1008; x_wconf 92' lang='lat' dir='ltr'>ut</span> <span class='ocrx_word' id='word_1_46' title='bbox 281 942 331 1007; x_wconf 90' lang='lat' dir='ltr'>lea</span> <span class='ocrx_word' id='word_1_47' title='bbox 348 964 445 1007; x_wconf 88' lang='lat' dir='ltr'>saeva</span> <span class='ocrx_word' id='word_1_48' title='bbox 461 941 545 1006; x_wconf 89' lang='lat' dir='ltr'>sitim</span> <span class='ocrx_word' id='word_1_49' title='bbox 563 943 662 1006; x_wconf 88' lang='lat' dir='ltr'>multa</span> <span class='ocrx_word' id='word_1_50' title='bbox 678 942 872 1027; x_wconf 75' lang='lat' dir='ltr'>compescuit</span> <span class='ocrx_word' id='word_1_51' title='bbox 888 942 985 1018; x_wconf 90' lang='lat' dir='ltr'>unda,</span> 
     </span>
     <span class='ocr_line' id='line_1_9' title="bbox 230 1026 1016 1112; baseline -0.001 -19"><span class='ocrx_word' id='word_1_52' title='bbox 230 1028 307 1093; x_wconf 91' lang='lat' dir='ltr'>dum</span> <span class='ocrx_word' id='word_1_53' title='bbox 324 1026 406 1093; x_wconf 89' lang='lat' dir='ltr'>redit</span> <span class='ocrx_word' id='word_1_54' title='bbox 421 1026 456 1091; x_wconf 92' lang='lat' dir='ltr'>in</span> <span class='ocrx_word' id='word_1_55' title='bbox 472 1026 582 1104; x_wconf 88' lang='lat' dir='ltr'>silvas,</span> <span class='ocrx_word' id='word_1_56' title='bbox 600 1028 745 1092; x_wconf 88' lang='lat' dir='ltr'>inventos</span> <span class='ocrx_word' id='word_1_57' title='bbox 762 1027 844 1093; x_wconf 87' lang='lat' dir='ltr'>forte</span> <span class='ocrx_word' id='word_1_58' title='bbox 861 1027 929 1092; x_wconf 92' lang='lat' dir='ltr'>sine</span> <span class='ocrx_word' id='word_1_59' title='bbox 946 1027 1016 1112; x_wconf 90' lang='lat' dir='ltr'>ipsa</span> 
     </span>
     <span class='ocr_line' id='line_1_10' title="bbox 208 1112 904 1197; baseline -0.001 -19"><span class='ocrx_word' id='word_1_60' title='bbox 208 1135 284 1197; x_wconf 55' lang='lat' dir='ltr'>pre</span> <span class='ocrx_word' id='word_1_61' title='bbox 302 1122 465 1178; x_wconf 89' lang='lat' dir='ltr'>cruentato</span> <span class='ocrx_word' id='word_1_62' title='bbox 482 1124 594 1178; x_wconf 89' lang='lat' dir='ltr'>tenues</span> <span class='ocrx_word' id='word_1_63' title='bbox 610 1112 743 1183; x_wconf 81' lang='lat' dir='ltr'>laniavit</span> <span class='ocrx_word' id='word_1_64' title='bbox 760 1113 904 1178; x_wconf 86' lang='lat' dir='ltr'>amictus.</span> 
     </span>
     <span class='ocr_line' id='line_1_11' title="bbox 61 1197 872 1299; baseline -0.006 -32"><span class='ocrx_word' id='word_1_65' title='bbox 61 1228 137 1299; x_wconf 43' lang='grc' dir='ltr'><em>ἦ</em></span> <span class='ocrx_word' id='word_1_66' title='bbox 164 1219 212 1269; x_wconf 89' lang='grc' dir='ltr'>1ο5</span> <span class='ocrx_word' id='word_1_67' title='bbox 230 1198 329 1264; x_wconf 89' lang='lat' dir='ltr'>serius</span> <span class='ocrx_word' id='word_1_68' title='bbox 347 1219 492 1284; x_wconf 86' lang='lat' dir='ltr'>egressus</span> <span class='ocrx_word' id='word_1_69' title='bbox 510 1197 645 1284; x_wconf 87' lang='lat' dir='ltr'>vestigia</span> <span class='ocrx_word' id='word_1_70' title='bbox 661 1198 741 1262; x_wconf 83' lang='lat' dir='ltr'>vidit</span> <span class='ocrx_word' id='word_1_71' title='bbox 756 1198 791 1262; x_wconf 93' lang='lat' dir='ltr'>in</span> <span class='ocrx_word' id='word_1_72' title='bbox 807 1199 872 1263; x_wconf 87' lang='lat' dir='ltr'>alto</span> 
     </span>
     <span class='ocr_line' id='line_1_12' title="bbox 162 1281 956 1435; baseline 0 -86"><span class='ocrx_word' id='word_1_73' title='bbox 162 1313 164 1315; x_wconf 89' lang='lat'>·</span> <span class='ocrx_word' id='word_1_74' title='bbox 229 1285 360 1435; x_wconf 74' lang='lat' dir='ltr'>pplvere</span> <span class='ocrx_word' id='word_1_75' title='bbox 378 1294 465 1350; x_wconf 87' lang='lat' dir='ltr'>certa</span> <span class='ocrx_word' id='word_1_76' title='bbox 480 1281 568 1350; x_wconf 84' lang='lat' dir='ltr'>ferae</span> <span class='ocrx_word' id='word_1_77' title='bbox 585 1294 715 1368; x_wconf 91' lang='lat' dir='ltr'>totoque</span> <span class='ocrx_word' id='word_1_78' title='bbox 733 1283 885 1369; x_wconf 80' lang='lat' dir='ltr'>expalluit</span> <span class='ocrx_word' id='word_1_79' title='bbox 901 1305 956 1349; x_wconf 90' lang='lat' dir='ltr'>ore</span> 
     </span>
     <span class='ocr_line' id='line_1_13' title="bbox 259 1368 1174 1455; baseline 0.001 -22"><span class='ocrx_word' id='word_1_80' title='bbox 259 1392 398 1454; x_wconf 86' lang='lat' dir='ltr'>yramus.</span> <span class='ocrx_word' id='word_1_81' title='bbox 442 1379 478 1433; x_wconf 91' lang='lat' dir='ltr'>ut</span> <span class='ocrx_word' id='word_1_82' title='bbox 494 1391 570 1434; x_wconf 86' lang='lat' dir='ltr'>vero</span> <span class='ocrx_word' id='word_1_83' title='bbox 588 1380 710 1433; x_wconf 88' lang='lat' dir='ltr'>vestem</span> <span class='ocrx_word' id='word_1_84' title='bbox 726 1390 854 1453; x_wconf 88' lang='lat' dir='ltr'>quoque</span> <span class='ocrx_word' id='word_1_85' title='bbox 871 1368 1025 1455; x_wconf 88' lang='lat' dir='ltr'>sanguine</span> <span class='ocrx_word' id='word_1_86' title='bbox 1041 1368 1174 1435; x_wconf 88' lang='lat' dir='ltr'>tinctam</span> 
     </span>
     <span class='ocr_line' id='line_1_14' title="bbox 229 1454 1137 1541; baseline -0.002 -21"><span class='ocrx_word' id='word_1_87' title='bbox 229 1454 382 1541; x_wconf 89' lang='lat' dir='ltr'>repperit,</span> <span class='ocrx_word' id='word_1_88' title='bbox 401 1460 490 1518; x_wconf 90' lang='lat' dir='ltr'>“una</span> <span class='ocrx_word' id='word_1_89' title='bbox 507 1454 611 1519; x_wconf 89' lang='lat' dir='ltr'>duos&#39;&#39;</span> <span class='ocrx_word' id='word_1_90' title='bbox 628 1454 732 1537; x_wconf 92' lang='lat' dir='ltr'>inquit</span> <span class='ocrx_word' id='word_1_91' title='bbox 748 1460 837 1520; x_wconf 89' lang='lat' dir='ltr'>“nox</span> <span class='ocrx_word' id='word_1_92' title='bbox 854 1454 965 1540; x_wconf 89' lang='lat' dir='ltr'>perdet</span> <span class='ocrx_word' id='word_1_93' title='bbox 982 1465 1137 1520; x_wconf 87' lang='lat' dir='ltr'>amantes:</span> 
     </span>
     <span class='ocr_line' id='line_1_15' title="bbox 199 1538 958 1635; baseline -0.003 -29"><span class='ocrx_word' id='word_1_94' title='bbox 199 1564 248 1630; x_wconf 44' lang='lat' dir='ltr'>ge</span> <span class='ocrx_word' id='word_1_95' title='bbox 266 1540 381 1626; x_wconf 92' lang='lat' dir='ltr'>quibus</span> <span class='ocrx_word' id='word_1_96' title='bbox 398 1540 453 1605; x_wconf 89' lang='lat' dir='ltr'>illa</span> <span class='ocrx_word' id='word_1_97' title='bbox 468 1540 529 1606; x_wconf 83' lang='lat' dir='ltr'>fuit</span> <span class='ocrx_word' id='word_1_98' title='bbox 546 1539 642 1625; x_wconf 84' lang='lat' dir='ltr'>longa</span> <span class='ocrx_word' id='word_1_99' title='bbox 658 1538 844 1624; x_wconf 89' lang='lat' dir='ltr'>dignissima</span> <span class='ocrx_word' id='word_1_100' title='bbox 860 1539 958 1635; x_wconf 51' lang='lat' dir='ltr'>vitas</span> 
     </span>
     <span class='ocr_line' id='line_1_16' title="bbox 164 1624 1190 1711; baseline -0.006 -15"><span class='ocrx_word' id='word_1_101' title='bbox 164 1649 214 1697; x_wconf 89' lang='lat'>110</span> <span class='ocrx_word' id='word_1_102' title='bbox 230 1638 338 1691; x_wconf 86' lang='lat' dir='ltr'>nostra</span> <span class='ocrx_word' id='word_1_103' title='bbox 353 1647 472 1691; x_wconf 89' lang='lat' dir='ltr'>nocens</span> <span class='ocrx_word' id='word_1_104' title='bbox 490 1625 595 1690; x_wconf 90' lang='lat' dir='ltr'>anima</span> <span class='ocrx_word' id='word_1_105' title='bbox 612 1635 670 1689; x_wconf 88' lang='lat' dir='ltr'>est.</span> <span class='ocrx_word' id='word_1_106' title='bbox 714 1646 774 1710; x_wconf 86' lang='lat' dir='ltr'>ego</span> <span class='ocrx_word' id='word_1_107' title='bbox 791 1636 837 1702; x_wconf 91' lang='lat' dir='ltr'>te,</span> <span class='ocrx_word' id='word_1_108' title='bbox 855 1624 1044 1704; x_wconf 88' lang='lat' dir='ltr'>miseranda,</span> <span class='ocrx_word' id='word_1_109' title='bbox 1060 1625 1190 1711; x_wconf 88' lang='lat' dir='ltr'>peremi,</span> 
     </span>
     <span class='ocr_line' id='line_1_17' title="bbox 230 1709 1009 1797; baseline -0.003 -20"><span class='ocrx_word' id='word_1_110' title='bbox 230 1713 264 1777; x_wconf 87' lang='lat' dir='ltr'>in</span> <span class='ocrx_word' id='word_1_111' title='bbox 280 1712 352 1776; x_wconf 88' lang='lat' dir='ltr'>loca</span> <span class='ocrx_word' id='word_1_112' title='bbox 367 1711 463 1797; x_wconf 86' lang='lat' dir='ltr'>plena</span> <span class='ocrx_word' id='word_1_113' title='bbox 479 1721 581 1776; x_wconf 89' lang='lat' dir='ltr'>metus</span> <span class='ocrx_word' id='word_1_114' title='bbox 599 1710 654 1794; x_wconf 93' lang='lat' dir='ltr'>qui</span> <span class='ocrx_word' id='word_1_115' title='bbox 671 1709 750 1779; x_wconf 83' lang='lat' dir='ltr'>iussi</span> <span class='ocrx_word' id='word_1_116' title='bbox 765 1721 858 1776; x_wconf 89' lang='lat' dir='ltr'>nocte</span> <span class='ocrx_word' id='word_1_117' title='bbox 874 1711 1009 1786; x_wconf 88' lang='lat' dir='ltr'>venires,</span> 
     </span>
     <span class='ocr_line' id='line_1_18' title="bbox 230 1795 1047 1896; baseline -0.001 -33"><span class='ocrx_word' id='word_1_118' title='bbox 230 1820 290 1863; x_wconf 87' lang='lat' dir='ltr'>neo</span> <span class='ocrx_word' id='word_1_119' title='bbox 306 1797 392 1883; x_wconf 87' lang='lat' dir='ltr'>prior</span> <span class='ocrx_word' id='word_1_120' title='bbox 408 1796 472 1862; x_wconf 91' lang='lat' dir='ltr'>huc</span> <span class='ocrx_word' id='word_1_121' title='bbox 489 1796 571 1862; x_wconf 85' lang='lat' dir='ltr'>veni.</span> <span class='ocrx_word' id='word_1_122' title='bbox 614 1807 759 1896; x_wconf 81' lang='lat' dir='ltr'>nostrum</span> <span class='ocrx_word' id='word_1_123' title='bbox 776 1795 914 1862; x_wconf 90' lang='lat' dir='ltr'>divellite</span> <span class='ocrx_word' id='word_1_124' title='bbox 932 1817 1047 1882; x_wconf 89' lang='lat' dir='ltr'>corpus</span> 
     </span>
     <span class='ocr_line' id='line_1_19' title="bbox 55 1882 1034 2053; baseline -0.002 -20"><span class='ocrx_word' id='word_1_125' title='bbox 55 1963 153 2021; x_wconf 57' lang='lat' dir='ltr'>-e</span> <span class='ocrx_word' id='word_1_126' title='bbox 231 1882 1034 2053; x_wconf 57' lang='lat' dir='ltr'>tstlttttttttttuttttttttttt1</span> 
     </span>
     <span class='ocr_line' id='line_1_20' title="bbox 165 2051 1140 2138; baseline 0.001 -18"><span class='ocrx_word' id='word_1_127' title='bbox 165 2078 213 2126; x_wconf 86' lang='lat'>115</span> <span class='ocrx_word' id='word_1_128' title='bbox 231 2054 287 2120; x_wconf 91' lang='lat' dir='ltr'>sed</span> <span class='ocrx_word' id='word_1_129' title='bbox 304 2053 406 2118; x_wconf 90' lang='lat' dir='ltr'>timidi</span> <span class='ocrx_word' id='word_1_130' title='bbox 425 2062 474 2118; x_wconf 88' lang='lat' dir='ltr'>est</span> <span class='ocrx_word' id='word_1_131' title='bbox 490 2066 599 2138; x_wconf 89' lang='lat' dir='ltr'>optare</span> <span class='ocrx_word' id='word_1_132' title='bbox 616 2051 751 2117; x_wconf 90' lang='lat' dir='ltr'>necem’&#39;</span> <span class='ocrx_word' id='word_1_133' title='bbox 769 2089 813 2100; x_wconf 94' lang='lat'><em>-</em></span> <span class='ocrx_word' id='word_1_134' title='bbox 828 2052 987 2118; x_wconf 88' lang='lat' dir='ltr'>velamina</span> <span class='ocrx_word' id='word_1_135' title='bbox 1003 2051 1140 2120; x_wconf 83' lang='lat' dir='ltr'>Thisbes</span> 
     </span>
     <span class='ocr_line' id='line_1_21' title="bbox 214 2137 1167 2233; baseline 0 -30"><span class='ocrx_word' id='word_1_136' title='bbox 214 2138 311 2233; x_wconf 40' lang='lat' dir='ltr'>‘tollit</span> <span class='ocrx_word' id='word_1_137' title='bbox 329 2149 361 2205; x_wconf 88' lang='lat' dir='ltr'>et</span> <span class='ocrx_word' id='word_1_138' title='bbox 378 2138 420 2203; x_wconf 88' lang='lat' dir='ltr'>ad</span> <span class='ocrx_word' id='word_1_139' title='bbox 436 2151 548 2224; x_wconf 89' lang='lat' dir='ltr'>pactae</span> <span class='ocrx_word' id='word_1_140' title='bbox 565 2159 674 2203; x_wconf 87' lang='lat' dir='ltr'>secum</span> <span class='ocrx_word' id='word_1_141' title='bbox 690 2138 753 2203; x_wconf 85' lang='lat' dir='ltr'>fert</span> <span class='ocrx_word' id='word_1_142' title='bbox 770 2138 890 2203; x_wconf 90' lang='lat' dir='ltr'>arboris</span> <span class='ocrx_word' id='word_1_143' title='bbox 907 2137 1063 2203; x_wconf 89' lang='lat' dir='ltr'>umbram.</span> <span class='ocrx_word' id='word_1_144' title='bbox 1165 2192 1167 2195; x_wconf 93' lang='lat'>.</span> 
     </span>
     <span class='ocr_line' id='line_1_22' title="bbox 231 2223 1059 2309; baseline -0.004 -18"><span class='ocrx_word' id='word_1_145' title='bbox 231 2236 331 2309; x_wconf 91' lang='lat' dir='ltr'>utque</span> <span class='ocrx_word' id='word_1_146' title='bbox 348 2224 435 2291; x_wconf 87' lang='lat' dir='ltr'>dedit</span> <span class='ocrx_word' id='word_1_147' title='bbox 451 2234 544 2289; x_wconf 88' lang='lat' dir='ltr'>notae</span> <span class='ocrx_word' id='word_1_148' title='bbox 562 2223 721 2300; x_wconf 87' lang='lat' dir='ltr'>lacrimas,</span> <span class='ocrx_word' id='word_1_149' title='bbox 740 2223 827 2290; x_wconf 89' lang='lat' dir='ltr'>dedit</span> <span class='ocrx_word' id='word_1_150' title='bbox 844 2223 953 2289; x_wconf 87' lang='lat' dir='ltr'>oscula</span> <span class='ocrx_word' id='word_1_151' title='bbox 968 2224 1059 2301; x_wconf 85' lang='lat' dir='ltr'>vesti,</span> 
     </span>
     <span class='ocr_line' id='line_1_23' title="bbox 198 2309 1250 2396; baseline 0.003 -20"><span class='ocrx_word' id='word_1_152' title='bbox 198 2310 365 2396; x_wconf 59' lang='lat' dir='ltr'>&#39;‘”“accipe</span> <span class='ocrx_word' id='word_1_153' title='bbox 378 2310 488 2376; x_wconf 88' lang='lat' dir='ltr'>nunc’&#39;</span> <span class='ocrx_word' id='word_1_154' title='bbox 505 2309 608 2392; x_wconf 90' lang='lat' dir='ltr'>inquit</span> <span class='ocrx_word' id='word_1_155' title='bbox 625 2310 749 2375; x_wconf 89' lang='lat' dir='ltr'>“nostri</span> <span class='ocrx_word' id='word_1_156' title='bbox 761 2330 888 2394; x_wconf 88' lang='lat' dir='ltr'>quoque</span> <span class='ocrx_word' id='word_1_157' title='bbox 902 2309 1065 2394; x_wconf 83' lang='lat' dir='ltr'>sanguinis</span> <span class='ocrx_word' id='word_1_158' title='bbox 1079 2310 1250 2379; x_wconf 85' lang='lat' dir='ltr'>haustusl&#39;&#39;</span> 
     </span>
     <span class='ocr_line' id='line_1_24' title="bbox 232 2391 1192 2480; baseline -0.004 -19"><span class='ocrx_word' id='word_1_159' title='bbox 232 2417 359 2480; x_wconf 90' lang='lat' dir='ltr'>quoque</span> <span class='ocrx_word' id='word_1_160' title='bbox 376 2406 444 2461; x_wconf 88' lang='lat' dir='ltr'>erat</span> <span class='ocrx_word' id='word_1_161' title='bbox 461 2393 780 2470; x_wconf 60' lang='lat' dir='ltr'>aecnetuaseemisit</span> <span class='ocrx_word' id='word_1_162' title='bbox 796 2395 830 2458; x_wconf 90' lang='lat' dir='ltr'>in</span> <span class='ocrx_word' id='word_1_163' title='bbox 846 2391 901 2459; x_wconf 91' lang='lat' dir='ltr'>ilia</span> <span class='ocrx_word' id='word_1_164' title='bbox 913 2395 1046 2471; x_wconf 85' lang='lat' dir='ltr'>ferrum,</span> <span class='ocrx_word' id='word_1_165' title='bbox 1188 2402 1192 2408; x_wconf 83' lang='lat'><em>&#39;</em></span> 
     </span>
     <span class='ocr_line' id='line_1_25' title="bbox 165 2477 1024 2558; baseline -0.003 -12"><span class='ocrx_word' id='word_1_166' title='bbox 165 2505 215 2555; x_wconf 81' lang='lat'>120</span> <span class='ocrx_word' id='word_1_167' title='bbox 232 2502 292 2546; x_wconf 88' lang='lat' dir='ltr'>nec</span> <span class='ocrx_word' id='word_1_168' title='bbox 308 2502 413 2558; x_wconf 91' lang='lat' dir='ltr'>mora,</span> <span class='ocrx_word' id='word_1_169' title='bbox 430 2478 565 2545; x_wconf 82' lang='lat' dir='ltr'>ferventi</span> <span class='ocrx_word' id='word_1_170' title='bbox 582 2477 719 2543; x_wconf 89' lang='lat' dir='ltr'>moriens</span> <span class='ocrx_word' id='word_1_171' title='bbox 737 2501 755 2544; x_wconf 90' lang='lat' dir='ltr'>e</span> <span class='ocrx_word' id='word_1_172' title='bbox 772 2479 902 2543; x_wconf 90' lang='lat' dir='ltr'>vulnere</span> <span class='ocrx_word' id='word_1_173' title='bbox 919 2479 1024 2543; x_wconf 86' lang='lat' dir='ltr'>traxit.</span> 
     </span>
     <span class='ocr_line' id='line_1_26' title="bbox 231 2563 1039 2649; baseline -0.002 -18"><span class='ocrx_word' id='word_1_174' title='bbox 231 2579 268 2631; x_wconf 95' lang='lat' dir='ltr'>ut</span> <span class='ocrx_word' id='word_1_175' title='bbox 280 2566 376 2631; x_wconf 89' lang='lat' dir='ltr'>iacuit</span> <span class='ocrx_word' id='word_1_176' title='bbox 392 2564 559 2649; x_wconf 87' lang='lat' dir='ltr'>resupinus</span> <span class='ocrx_word' id='word_1_177' title='bbox 575 2563 685 2636; x_wconf 90' lang='lat' dir='ltr'>humo,</span> <span class='ocrx_word' id='word_1_178' title='bbox 713 2583 806 2627; x_wconf 86' lang='lat' dir='ltr'>cruor</span> <span class='ocrx_word' id='word_1_179' title='bbox 835 2563 949 2629; x_wconf 89' lang='lat' dir='ltr'>emicat</span> <span class='ocrx_word' id='word_1_180' title='bbox 966 2564 1039 2641; x_wconf 88' lang='lat' dir='ltr'>alte,</span> 
     </span>
     <span class='ocr_line' id='line_1_27' title="bbox 232 2647 1008 2733; baseline -0.005 -17"><span class='ocrx_word' id='word_1_181' title='bbox 232 2673 297 2716; x_wconf 90' lang='lat' dir='ltr'>non</span> <span class='ocrx_word' id='word_1_182' title='bbox 314 2650 405 2715; x_wconf 87' lang='lat' dir='ltr'>aliter</span> <span class='ocrx_word' id='word_1_183' title='bbox 421 2671 518 2733; x_wconf 89' lang='lat' dir='ltr'>quam</span> <span class='ocrx_word' id='word_1_184' title='bbox 535 2670 609 2714; x_wconf 91' lang='lat' dir='ltr'>cum</span> <span class='ocrx_word' id='word_1_185' title='bbox 626 2648 736 2713; x_wconf 88' lang='lat' dir='ltr'>vitiato</span> <span class='ocrx_word' id='word_1_186' title='bbox 753 2647 859 2713; x_wconf 89' lang='lat' dir='ltr'>fistula</span> <span class='ocrx_word' id='word_1_187' title='bbox 875 2649 1008 2733; x_wconf 88' lang='lat' dir='ltr'>plumbo</span> 
     </span>
     <span class='ocr_line' id='line_1_28' title="bbox 232 2733 1005 2820; baseline -0.005 -18"><span class='ocrx_word' id='word_1_188' title='bbox 232 2735 386 2802; x_wconf 87' lang='lat' dir='ltr'>scinditur</span> <span class='ocrx_word' id='word_1_189' title='bbox 402 2746 434 2802; x_wconf 92' lang='lat' dir='ltr'>et</span> <span class='ocrx_word' id='word_1_190' title='bbox 451 2733 706 2801; x_wconf 85' lang='lat' dir='ltr'>tenuistridente</span> <span class='ocrx_word' id='word_1_191' title='bbox 722 2733 877 2799; x_wconf 88' lang='lat' dir='ltr'>foramine</span> <span class='ocrx_word' id='word_1_192' title='bbox 892 2733 1005 2820; x_wconf 83' lang='lat' dir='ltr'>longas</span> 
     </span>
     <span class='ocr_line' id='line_1_29' title="bbox 232 2818 1000 2905; baseline -0.007 -18"><span class='ocrx_word' id='word_1_193' title='bbox 232 2821 405 2887; x_wconf 89' lang='lat' dir='ltr'>eiaculatur</span> <span class='ocrx_word' id='word_1_194' title='bbox 421 2842 521 2904; x_wconf 87' lang='lat' dir='ltr'>aquas</span> <span class='ocrx_word' id='word_1_195' title='bbox 538 2830 634 2903; x_wconf 87' lang='lat' dir='ltr'>atque</span> <span class='ocrx_word' id='word_1_196' title='bbox 651 2819 766 2884; x_wconf 91' lang='lat' dir='ltr'>ictibus</span> <span class='ocrx_word' id='word_1_197' title='bbox 783 2824 857 2885; x_wconf 70' lang='lat' dir='ltr'>adra</span> <span class='ocrx_word' id='word_1_198' title='bbox 872 2818 1000 2905; x_wconf 89' lang='lat' dir='ltr'>rumpit.</span> 
     </span>
     <span class='ocr_line' id='line_1_30' title="bbox 166 2905 932 2992; baseline -0.016 -11"><span class='ocrx_word' id='word_1_199' title='bbox 166 2931 214 2981; x_wconf 78' lang='lat'>125</span> <span class='ocrx_word' id='word_1_200' title='bbox 232 2906 356 2972; x_wconf 84' lang='lat' dir='ltr'>arborei</span> <span class='ocrx_word' id='word_1_201' title='bbox 372 2906 457 2972; x_wconf 85' lang='lat' dir='ltr'>fetus</span> <span class='ocrx_word' id='word_1_202' title='bbox 474 2905 640 2992; x_wconf 86' lang='lat' dir='ltr'>aspergine</span> <span class='ocrx_word' id='word_1_203' title='bbox 657 2905 764 2970; x_wconf 86' lang='lat' dir='ltr'>caedis</span> <span class='ocrx_word' id='word_1_204' title='bbox 781 2906 814 2969; x_wconf 89' lang='lat' dir='ltr'>in</span> <span class='ocrx_word' id='word_1_205' title='bbox 831 2915 932 2970; x_wconf 88' lang='lat' dir='ltr'>atram</span> 
     </span>
     <span class='ocr_line' id='line_1_31' title="bbox 232 2989 1081 3077; baseline -0.001 -20"><span class='ocrx_word' id='word_1_206' title='bbox 232 3002 397 3058; x_wconf 88' lang='lat' dir='ltr'>vertuntur</span> <span class='ocrx_word' id='word_1_207' title='bbox 412 2989 542 3069; x_wconf 89' lang='lat' dir='ltr'>faciem,</span> <span class='ocrx_word' id='word_1_208' title='bbox 559 2990 801 3074; x_wconf 87' lang='lat' dir='ltr'>madefactaque</span> <span class='ocrx_word' id='word_1_209' title='bbox 818 2990 972 3077; x_wconf 81' lang='lat' dir='ltr'>sanguine</span> <span class='ocrx_word' id='word_1_210' title='bbox 989 2990 1081 3056; x_wconf 82' lang='lat' dir='ltr'>radix</span> 
     </span>
     <span class='ocr_line' id='line_1_32' title="bbox 219 3075 1005 3174; baseline -0.003 -31"><span class='ocrx_word' id='word_1_211' title='bbox 219 3099 390 3174; x_wconf 82' lang='lat' dir='ltr'>purpureo</span> <span class='ocrx_word' id='word_1_212' title='bbox 407 3076 522 3163; x_wconf 81' lang='lat' dir='ltr'>tinguit</span> <span class='ocrx_word' id='word_1_213' title='bbox 538 3075 709 3162; x_wconf 87' lang='lat' dir='ltr'>pendentia</span> <span class='ocrx_word' id='word_1_214' title='bbox 725 3098 813 3141; x_wconf 87' lang='lat' dir='ltr'>mora</span> <span class='ocrx_word' id='word_1_215' title='bbox 831 3076 944 3141; x_wconf 90' lang='lat' dir='ltr'>colore.</span> <span class='ocrx_word' id='word_1_216' title='bbox 961 3111 1005 3123; x_wconf 93' lang='lat'><em>-</em></span> 
     </span>
     <span class='ocr_line' id='line_1_33' title="bbox 231 3161 1054 3247; baseline -0.005 -18"><span class='ocrx_word' id='word_1_217' title='bbox 231 3185 305 3229; x_wconf 90' lang='lat' dir='ltr'>ecce</span> <span class='ocrx_word' id='word_1_218' title='bbox 322 3172 410 3229; x_wconf 87' lang='lat' dir='ltr'>metu</span> <span class='ocrx_word' id='word_1_219' title='bbox 426 3163 568 3228; x_wconf 89' lang='lat' dir='ltr'>nondum</span> <span class='ocrx_word' id='word_1_220' title='bbox 584 3163 703 3247; x_wconf 91' lang='lat' dir='ltr'>posito,</span> <span class='ocrx_word' id='word_1_221' title='bbox 721 3184 762 3226; x_wconf 92' lang='lat' dir='ltr'>ne</span> <span class='ocrx_word' id='word_1_222' title='bbox 778 3161 867 3226; x_wconf 82' lang='lat' dir='ltr'>fallat</span> <span class='ocrx_word' id='word_1_223' title='bbox 885 3171 1054 3238; x_wconf 89' lang='lat' dir='ltr'>amantem,</span> 
     </span>
     <span class='ocr_line' id='line_1_34' title="bbox 231 3246 1070 3331; baseline -0.005 -17"><span class='ocrx_word' id='word_1_224' title='bbox 231 3248 285 3313; x_wconf 89' lang='lat' dir='ltr'>illa</span> <span class='ocrx_word' id='word_1_225' title='bbox 301 3248 384 3314; x_wconf 90' lang='lat' dir='ltr'>redit</span> <span class='ocrx_word' id='word_1_226' title='bbox 400 3249 610 3330; x_wconf 81' lang='lat' dir='ltr'>iuvenemque</span> <span class='ocrx_word' id='word_1_227' title='bbox 627 3247 727 3312; x_wconf 90' lang='lat' dir='ltr'>oculis</span> <span class='ocrx_word' id='word_1_228' title='bbox 744 3246 914 3329; x_wconf 89' lang='lat' dir='ltr'>animoque</span> <span class='ocrx_word' id='word_1_229' title='bbox 929 3246 1070 3331; x_wconf 84' lang='lat' dir='ltr'>requirit,</span> 
     </span>
     <span class='ocr_line' id='line_1_35' title="bbox 165 3331 1063 3434; baseline -0.006 -35"><span class='ocrx_word' id='word_1_230' title='bbox 165 3345 372 3434; x_wconf 47' lang='lat' dir='ltr'>reaquantsq</span> <span class='ocrx_word' id='word_1_231' title='bbox 394 3356 412 3399; x_wconf 92' lang='lat' dir='ltr'>e</span> <span class='ocrx_word' id='word_1_232' title='bbox 429 3333 535 3398; x_wconf 78' lang='lat' dir='ltr'>vitarit</span> <span class='ocrx_word' id='word_1_233' title='bbox 551 3355 678 3397; x_wconf 89' lang='lat' dir='ltr'>narrare</span> <span class='ocrx_word' id='word_1_234' title='bbox 675 3332 836 3420; x_wconf 75' lang='lat' dir='ltr'>pericula</span> <span class='ocrx_word' id='word_1_235' title='bbox 852 3331 957 3420; x_wconf 82' lang='lat' dir='ltr'>gestit.</span> <span class='ocrx_word' id='word_1_236' title='bbox 983 3407 1000 3416; x_wconf 45' lang='lat'><em>,</em></span> <span class='ocrx_word' id='word_1_237' title='bbox 1044 3406 1063 3420; x_wconf 23' lang='lat' dir='ltr'><em>l</em></span> 
     </span>
     <span class='ocr_line' id='line_1_36' title="bbox 230 3356 1105 3503; baseline -0.001 -21"><span class='ocrx_word' id='word_1_238' title='bbox 230 3425 331 3503; x_wconf 68' lang='lat' dir='ltr'>utque</span> <span class='ocrx_word' id='word_1_239' title='bbox 345 3356 449 3484; x_wconf 72' lang='lat' dir='ltr'>lohum</span> <span class='ocrx_word' id='word_1_240' title='bbox 468 3423 500 3484; x_wconf 88' lang='lat' dir='ltr'>et</span> <span class='ocrx_word' id='word_1_241' title='bbox 517 3401 585 3482; x_wconf 70' lang='lat' dir='ltr'>visi</span> <span class='ocrx_word' id='word_1_242' title='bbox 599 3411 765 3503; x_wconf 58' lang='lat' dir='ltr'>{cognoscit</span> <span class='ocrx_word' id='word_1_243' title='bbox 780 3413 815 3480; x_wconf 83' lang='lat' dir='ltr'>in·</span> <span class='ocrx_word' id='word_1_244' title='bbox 825 3408 943 3482; x_wconf 71' lang='lat' dir='ltr'>arbore</span> <span class='ocrx_word' id='word_1_245' title='bbox 953 3416 1105 3492; x_wconf 62' lang='lat' dir='ltr'>‘formam</span> 
     </span>
     <span class='ocr_line' id='line_1_37' title="bbox 231 3489 1121 3590; baseline -0.006 -21"><span class='ocrx_word' id='word_1_246' title='bbox 231 3504 276 3569; x_wconf 90' lang='lat' dir='ltr'>sic</span> <span class='ocrx_word' id='word_1_247' title='bbox 293 3503 370 3569; x_wconf 83' lang='lat' dir='ltr'>facit</span> <span class='ocrx_word' id='word_1_248' title='bbox 386 3489 538 3570; x_wconf 83' lang='lat' dir='ltr'>incertam</span> <span class='ocrx_word' id='word_1_249' title='bbox 555 3503 642 3590; x_wconf 91' lang='lat' dir='ltr'>pomi</span> <span class='ocrx_word' id='word_1_250' title='bbox 660 3503 759 3567; x_wconf 88' lang='lat' dir='ltr'>color:</span> <span class='ocrx_word' id='word_1_251' title='bbox 776 3501 899 3578; x_wconf 89' lang='lat' dir='ltr'>haeret,</span> <span class='ocrx_word' id='word_1_252' title='bbox 917 3524 958 3566; x_wconf 91' lang='lat' dir='ltr'>an</span> <span class='ocrx_word' id='word_1_253' title='bbox 975 3502 1054 3567; x_wconf 89' lang='lat' dir='ltr'>haec</span> <span class='ocrx_word' id='word_1_254' title='bbox 1072 3502 1121 3565; x_wconf 88' lang='lat' dir='ltr'>sit.</span> 
     </span>
    </p>
   </div>
   <div class='ocr_carea' id='block_1_3' title="bbox 227 3585 1342 3672">
    <p class='ocr_par' dir='ltr' id='par_1_3' title="bbox 227 3585 1342 3672">
     <span class='ocr_line' id='line_1_38' title="bbox 227 3585 1342 3672; baseline -0.001 -20"><span class='ocrx_word' id='word_1_255' title='bbox 227 3585 308 3652; x_wconf 90' lang='lat' dir='ltr'>dum</span> <span class='ocrx_word' id='word_1_256' title='bbox 325 3589 463 3666; x_wconf 88' lang='lat' dir='ltr'>dubitat,</span> <span class='ocrx_word' id='word_1_257' title='bbox 480 3587 689 3654; x_wconf 89' lang='lat' dir='ltr'>tremebunda</span> <span class='ocrx_word' id='word_1_258' title='bbox 706 3587 792 3651; x_wconf 87' lang='lat' dir='ltr'>videt</span> <span class='ocrx_word' id='word_1_259' title='bbox 809 3586 935 3672; x_wconf 89' lang='lat' dir='ltr'>pulsare</span> <span class='ocrx_word' id='word_1_260' title='bbox 952 3599 1118 3651; x_wconf 90' lang='lat' dir='ltr'>cruentum</span> <span class='ocrx_word' id='word_1_261' title='bbox 1187 3591 1277 3644; x_wconf 56' lang='grc' dir='ltr'>’Μ</span> <span class='ocrx_word' id='word_1_262' title='bbox 1337 3653 1342 3668; x_wconf 44' lang='grc'>,,</span> 
     </span>
    </p>
   </div>
   <div class='ocr_carea' id='block_1_4' title="bbox 230 3672 1143 3757">
    <p class='ocr_par' dir='ltr' id='par_1_4' title="bbox 230 3672 1143 3757">
     <span class='ocr_line' id='line_1_39' title="bbox 230 3672 1143 3757; baseline -0.001 -20"><span class='ocrx_word' id='word_1_263' title='bbox 230 3674 373 3739; x_wconf 86' lang='lat' dir='ltr'>membra</span> <span class='ocrx_word' id='word_1_264' title='bbox 389 3674 505 3750; x_wconf 91' lang='lat' dir='ltr'>solum,</span> <span class='ocrx_word' id='word_1_265' title='bbox 523 3685 669 3757; x_wconf 89' lang='lat' dir='ltr'>retroque</span> <span class='ocrx_word' id='word_1_266' title='bbox 685 3672 801 3757; x_wconf 89' lang='lat' dir='ltr'>pedem</span> <span class='ocrx_word' id='word_1_267' title='bbox 818 3672 903 3748; x_wconf 90' lang='lat' dir='ltr'>tulit,</span> <span class='ocrx_word' id='word_1_268' title='bbox 921 3692 1039 3755; x_wconf 89' lang='lat' dir='ltr'>oraque</span> <span class='ocrx_word' id='word_1_269' title='bbox 1058 3672 1143 3736; x_wconf 86' lang='lat' dir='ltr'>buxo</span> 
     </span>
    </p>
   </div>
   <div class='ocr_carea' id='block_1_5' title="bbox 132 3756 1137 4185">
    <p class='ocr_par' dir='ltr' id='par_1_5' title="bbox 132 3756 1137 4185">
     <span class='ocr_line' id='line_1_40' title="bbox 165 3756 990 3858; baseline -0.011 -29"><span class='ocrx_word' id='word_1_270' title='bbox 165 3779 213 3829; x_wconf 79' lang='lat' dir='ltr'>lec</span> <span class='ocrx_word' id='word_1_271' title='bbox 230 3757 396 3843; x_wconf 84' lang='lat' dir='ltr'>pallidiora</span> <span class='ocrx_word' id='word_1_272' title='bbox 411 3780 525 3858; x_wconf 72' lang='lat' dir='ltr'>gerens</span> <span class='ocrx_word' id='word_1_273' title='bbox 543 3758 704 3823; x_wconf 85' lang='lat' dir='ltr'>exhorruit</span> <span class='ocrx_word' id='word_1_274' title='bbox 721 3756 866 3840; x_wconf 89' lang='lat' dir='ltr'>aequoris</span> <span class='ocrx_word' id='word_1_275' title='bbox 882 3756 990 3833; x_wconf 88' lang='lat' dir='ltr'>instar,</span> 
     </span>
     <span class='ocr_line' id='line_1_41' title="bbox 231 3841 1137 3928; baseline 0.001 -23"><span class='ocrx_word' id='word_1_276' title='bbox 231 3843 317 3926; x_wconf 91' lang='lat' dir='ltr'>quod</span> <span class='ocrx_word' id='word_1_277' title='bbox 333 3853 452 3918; x_wconf 84' lang='lat' dir='ltr'>tremrt,</span> <span class='ocrx_word' id='word_1_278' title='bbox 469 3844 586 3928; x_wconf 82' lang='lat' dir='ltr'>exigua</span> <span class='ocrx_word' id='word_1_279' title='bbox 603 3865 675 3908; x_wconf 92' lang='lat' dir='ltr'>cum</span> <span class='ocrx_word' id='word_1_280' title='bbox 692 3864 853 3907; x_wconf 91' lang='lat' dir='ltr'>summum</span> <span class='ocrx_word' id='word_1_281' title='bbox 870 3841 1034 3927; x_wconf 86' lang='lat' dir='ltr'>stringitur</span> <span class='ocrx_word' id='word_1_282' title='bbox 1051 3863 1137 3906; x_wconf 88' lang='lat' dir='ltr'>aura.</span> 
     </span>
     <span class='ocr_line' id='line_1_42' title="bbox 231 3926 1051 4028; baseline 0 -37"><span class='ocrx_word' id='word_1_283' title='bbox 231 3927 287 3992; x_wconf 87' lang='lat' dir='ltr'>sed</span> <span class='ocrx_word' id='word_1_284' title='bbox 303 3938 472 4028; x_wconf 71' lang='lat' dir='ltr'>postquam</span> <span class='ocrx_word' id='word_1_285' title='bbox 488 3941 645 3994; x_wconf 85' lang='lat' dir='ltr'>remorata</span> <span class='ocrx_word' id='word_1_286' title='bbox 661 3948 737 3992; x_wconf 90' lang='lat' dir='ltr'>suos</span> <span class='ocrx_word' id='word_1_287' title='bbox 754 3926 902 4012; x_wconf 85' lang='lat' dir='ltr'>cognovit</span> <span class='ocrx_word' id='word_1_288' title='bbox 918 3947 1051 4003; x_wconf 89' lang='lat' dir='ltr'>amores,</span> 
     </span>
     <span class='ocr_line' id='line_1_43' title="bbox 132 4011 959 4099; baseline -0.002 -22"><span class='ocrx_word' id='word_1_289' title='bbox 132 4059 148 4077; x_wconf 42' lang='lat' dir='ltr'>a</span> <span class='ocrx_word' id='word_1_290' title='bbox 230 4012 366 4096; x_wconf 86' lang='lat' dir='ltr'>percutit</span> <span class='ocrx_word' id='word_1_291' title='bbox 382 4012 528 4098; x_wconf 85' lang='lat' dir='ltr'>mdignos</span> <span class='ocrx_word' id='word_1_292' title='bbox 545 4014 630 4078; x_wconf 84' lang='lat' dir='ltr'>claro</span> <span class='ocrx_word' id='word_1_293' title='bbox 646 4013 799 4099; x_wconf 85' lang='lat' dir='ltr'>plangore</span> <span class='ocrx_word' id='word_1_294' title='bbox 815 4011 959 4088; x_wconf 86' lang='lat' dir='ltr'>lacertos,</span> 
     </span>
     <span class='ocr_line' id='line_1_44' title="bbox 231 4096 1037 4185; baseline -0.002 -21"><span class='ocrx_word' id='word_1_295' title='bbox 231 4107 263 4164; x_wconf 88' lang='lat' dir='ltr'>et</span> <span class='ocrx_word' id='word_1_296' title='bbox 279 4096 396 4163; x_wconf 87' lang='lat' dir='ltr'>laniata</span> <span class='ocrx_word' id='word_1_297' title='bbox 413 4119 520 4163; x_wconf 88' lang='lat' dir='ltr'>comas</span> <span class='ocrx_word' id='word_1_298' title='bbox 538 4099 747 4185; x_wconf 87' lang='lat' dir='ltr'>amplexaque</span> <span class='ocrx_word' id='word_1_299' title='bbox 764 4120 878 4185; x_wconf 85' lang='lat' dir='ltr'>corpus</span> <span class='ocrx_word' id='word_1_300' title='bbox 895 4107 1037 4162; x_wconf 88' lang='lat' dir='ltr'>amatum</span> 
     </span>
    </p>
   </div>
   <div class='ocr_carea' id='block_1_6' title="bbox 1390 2446 1396 2484">
    <p class='ocr_par' dir='ltr' id='par_1_6' title="bbox 1390 2446 1396 2484">
     <span class='ocr_line' id='line_1_45' title="bbox 1390 2446 1396 2484; baseline 0 0"><span class='ocrx_word' id='word_1_301' title='bbox 1390 2446 1396 2484; x_wconf 80' lang='lat' dir='ltr'>l</span> 
     </span>
    </p>
   </div>
   <div class='ocr_carea' id='block_1_7' title="bbox 0 0 1414 4500">
    <p class='ocr_par' dir='ltr' id='par_1_7' title="bbox 0 0 1414 4500">
     <span class='ocr_line' id='line_1_46' title="bbox 0 0 1414 4500; baseline 0 0"><span class='ocrx_word' id='word_1_302' title='bbox 0 0 1414 4500; x_wconf 95' lang='lat' dir='ltr'> </span> 
     </span>
    </p>
   </div>
  </div>
 </body>
</html>
