2800 4500
306 277 673 342 METAMORPHOSEON
688 278 762 338 LIB.
779 276 831 337 IX.
850 275 994 337 act-ato.
1103 259 1166 332 155

143 410 235 476 vivus
254 408 358 475 adhuc
375 418 478 486 vates3
496 408 645 490 ultusque
662 415 793 491 parente
833 412 973 470 arentem

143 507 237 561 natus
255 495 314 561 erit
331 494 416 559 facto
433 494 506 577 pius
523 504 556 557 et
572 491 744 556 sceleratus
763 426 889 567 eodem3

144 580 357 664 attonitusque
375 579 480 655 malis,
498 577 572 643 exul
589 575 766 660 mentisque
784 575 971 658 domusque,

144 666 284 745 vultibus
302 663 517 730 Eumenidum
533 661 707 745 matrisque
724 660 896 747 agitabitur
912 658 1043 737 umbris,

145 752 246 817 donec
264 773 337 815 eum
355 749 491 814 coniunx
508 747 605 812 fatale
621 745 802 833 poposcerit
818 767 942 821 aurum,

145 846 379 922 cognatumque
396 834 480 913 latus
497 832 659 917 Phegeius
676 831 818 901 hauserit
834 829 928 895 ensis.

146 934 213 986 tum
232 920 359 986 demum
377 941 494 1005 magno
512 927 598 1004 petet
613 916 672 982 hos
689 915 845 982 Acheloia
862 913 997 1000 supplex

145 1006 187 1072 ab
204 1005 282 1071 Iove
300 1002 460 1071 Callirhoe
477 1002 559 1068 natis
577 1000 752 1067 infantibus
770 1021 880 1066 annos.

144 1114 226 1157 neve
242 1111 352 1155 necem
371 1089 454 1154 sinat
470 1110 539 1153 esse
556 1087 606 1152 sui
623 1087 752 1152 cultoris
769 1086 912 1160 inultam,
1185 1103 1235 1152 415

145 1175 289 1261 Iuppiter
306 1175 355 1239 his
372 1185 477 1238 motus
495 1172 660 1259 privignae
677 1172 762 1239 dona
778 1191 942 1252 nurusque
1021 1195 1023 1199 ¹

145 1259 318 1347 praecipiet
345 1258 504 1341 facietque
521 1257 605 1323 viros
622 1258 807 1344 impubibus
824 1255 935 1322 annis?
1039 1310 1040 1313 ,

187 1347 280 1411 Haec
296 1343 352 1408 nbi
370 1344 507 1425 faticano
524 1343 649 1410 venturi
665 1342 809 1429 praescia
825 1341 905 1406 dixit
1055 1418 1058 1423 Ι
1099 1325 1229 1459 εξεῆἔνωηῶ

146 1455 200 1497 ore
217 1429 363 1507 Themis,
382 1430 468 1494 vario
486 1428 593 1515 superi
610 1449 754 1493 sermone
771 1426 959 1503 fremebant,
1046 1482 1048 1485 .

146 1529 192 1595 et,
210 1538 267 1582 cur
284 1536 348 1580 non
366 1514 435 1579 aliis
452 1514 564 1580 eadem
581 1513 657 1579 dare
675 1513 759 1577 dona
774 1512 893 1589 liceret,
993 1593 995 1597 Α
1187 1527 1238 1576 420

147 1623 289 1666 murmur
306 1611 382 1665 erat.
426 1600 568 1700 queritur
584 1610 707 1665 veteres
724 1598 900 1663 Pallantias
917 1617 1017 1661 annos

147 1686 291 1773 coniugis
308 1708 377 1751 esse
395 1707 459 1750 sur:
478 1684 621 1769 queritur
637 1705 804 1750 canescere
821 1683 906 1748 mitis

146 1773 274 1838 Iasiona
292 1767 405 1836 Ceresr
423 1769 592 1856 repetitum
608 1768 771 1835 Mulciber
787 1790 902 1834 aerum

147 1856 249 1944 poscit
265 1854 486 1921 Erichthonio:
504 1855 664 1921 Venerem
680 1873 809 1938 quoque
826 1875 903 1919 cura
918 1850 1018 1918 futuri

147 1941 250 2028 tangit
267 1953 299 2005 et
316 1939 478 2007 Anchisae
494 1961 647 2005 renovare
664 1937 835 2024 paciscitur
851 1958 961 2002 annos.

147 2028 201 2093 cui
218 2026 357 2101 studeat,
374 2024 453 2090 deus
471 2025 573 2090 omnis
591 2024 700 2101 habet3
719 2023 894 2108 crescitque
911 2021 1021 2087 favore

148 2111 275 2178 turbida
293 2109 415 2186 seditio,
433 2111 534 2176 donec
551 2132 611 2174 sua
626 2108 772 2195 Iuppiter
788 2129 845 2173 ora

148 2197 242 2265 solvit
259 2206 291 2262 et
308 2193 356 2261 ‘ol
374 2194 473 2261 nostri
490 2195 517 2261 si
533 2216 598 2281 qua
614 2205 662 2262 est
678 2192 874 2270 reverentia}
892 2191 972 2280 dixit

149 2291 228 2369 ‘quo
245 2280 353 2364 ruitis?
370 2291 533 2347 tantumne
550 2279 663 2364 aliquis
681 2280 743 2345 sibi
758 2302 853 2366 posse
869 2278 1005 2355 videtur,

148 2370 216 2435 lata
232 2387 360 2453 quoque
377 2377 412 2430 ut
430 2366 578 2452 superet?
601 2365 676 2431 fatis
692 2366 801 2431 Iolaus
817 2364 851 2430 in
869 2384 978 2440 annos,

171 2475 229 2519 uos
247 2453 328 2539 egit,
345 2451 452 2517 rediit:
470 2452 544 2518 fotis
562 2451 766 2518 invenescere
783 2450 901 2516 debent

150 2478 311 2627 Pallirhoii
327 2537 441 2624 geniti,
452 2556 523 2603 nou
540 2536 712 2603 ambitione
728 2558 788 2602 nec
805 2534 910 2601 armis.

149 2648 206 2691 vos
224 2623 319 2689 etiam
336 2620 478 2710 (quoque
496 2622 557 2688 hoc
574 2622 679 2687 animo
696 2622 826 2689 meliore
843 2618 967 2687 feratisr

148 2733 200 2776 me
218 2709 360 2794 quoquc)
376 2707 443 2776 lata
459 2718 585 2793 regunt,
627 2729 711 2792 quae
728 2708 755 2772 si
771 2717 894 2773 mutare
912 2706 1060 2783 valerem,
1144 2700 1148 2708 ’

148 2817 209 2862 nec
225 2804 368 2860 nostrum
385 2792 447 2859 seri
464 2803 632 2859 curvarent
648 2793 782 2859 Aeacon
799 2792 883 2869 anni,

150 2892 400 2967 perpetuumque
418 2877 488 2944 aevi
505 2877 615 2946 florem
632 2876 896 2943 Rhadamanthus
912 2876 1044 2942 haberet

151 2988 224 3030 cum
240 2964 352 3029 Minoe·
369 2985 451 3041 meo,
469 2962 525 3047 qui
541 2973 671 3049 propter
687 2985 797 3028 amara
813 2973 958 3029 senectae

150 3049 292 3137 pondera
308 3043 480 3134 despicitur
495 3070 555 3115 nec
572 3069 636 3133 quo
653 3048 742 3135 prius
760 3048 869 3114 ordine
886 3045 1018 3133 regnat’

151 3135 236 3199 dicta
251 3133 338 3199 Iovis
355 3156 482 3199 movere
500 3134 590 3211 deos;
607 3156 667 3200 nec
684 3133 818 3199 sustinet
834 3132 928 3208 ullus,

151 3241 225 3285 cum
242 3219 348 3284 videat
364 3219 465 3284 fessos
482 3219 748 3285 Rhadamanthon
767 3229 799 3283 et
816 3219 948 3283 Aeacon
966 3215 1056 3282 annis

152 3318 182 3371 et
199 3304 325 3381 Minoa,
342 3303 441 3388 queri.
464 3305 534 3405 qui,
551 3304 629 3371 dum
644 3303 707 3369 tuit
723 3303 846 3389 integer
862 3303 944 3380 aevi,

150 3402 304 3456 terruerat
321 3411 454 3474 magnas
470 3412 539 3475 rpso
556 3411 684 3474 quoque
702 3388 829 3455 nomine
845 3401 971 3475 gentes3

151 3488 228 3540 tunc
245 3484 310 3539 erat
328 3473 495 3550 invalidus,
513 3475 756 3558 Deionidenque
773 3475 921 3540 iuventae

150 3561 264 3626 robore
280 3559 429 3624 Miletum
446 3558 641 3644 Phoeboque
658 3571 790 3646 parente
807 3560 980 3647 superbum

174 3643 326 3721 artimuit,
344 3643 538 3728 credensque
555 3646 621 3711 suis
638 3646 802 3732 insurgere
819 3644 925 3730 regnis

150 3668 237 3796 haud
254 3742 360 3795 tamen
378 3739 426 3795 est
439 3728 551 3829 patriis
568 3753 674 3797 arcere
691 3730 868 3796 Penatibus
886 3751 992 3795 ausus.

145 3826 263 3901 ‘sponte
280 3813 380 3901 fugis,
398 3813 526 3891 Mrlete,
543 3827 612 3894 tua,
631 3817 787 3900 celerique
805 3816 913 3881 carina

150 3902 299 3987 Aegaeas
316 3899 435 3965 metiris
452 3921 551 3983 aquas
569 3902 649 3967 etin
667 3901 769 3967 Aside
787 3913 871 3967 terra

150 3986 275 4051 moenia
292 3985 456 4051 constituis
474 3986 618 4071 positoris
636 3986 787 4053 habentia
802 4010 929 4053 nomen.

150 4071 202 4138 hic
219 4066 291 4164 tibi,
309 4071 385 4136 dum
403 4070 547 4161 sequitur
561 4072 681 4159 patriae
699 4073 883 4138 curvamina
897 4073 996 4160 ripae,
