2800 4500
213 264 254 347 76
547 293 581 348 r.
600 293 726 351 0v1o11
741 271 905 351 uasoru's
931 273 932 276 ‘

211 415 390 505 infligitque
407 416 486 482 viro.
529 416 659 482 rutilum
676 416 776 482 vomit
791 416 844 483 ille
863 437 1006 481 cruorem

212 516 244 568 et
261 503 431 589 resupinus
446 503 579 567 humum
596 502 786 567 moribundo
804 501 921 567 vertice
938 502 1053 587 pulsat.

161 607 195 659 85
212 588 286 654 inde
305 587 492 656 Semiramio
509 588 750 673 Polydegmona
767 588 922 673 sanguine
940 597 1061 651 oretum
1131 619 1134 625 ¹

213 671 471 759 Caucasiumque
487 674 624 737 Abarim
642 672 957 759 Sperchionidenque
975 671 1005 734 L
1029 682 1134 737 cetum

212 760 436 843 intonsumque
455 781 561 824 comas
579 757 975 844 HelicemPhlegyamque
1012 758 1176 842 lytumque

213 846 324 911 sternit
341 856 373 909 et
390 856 549 910 extructos
566 843 756 909 morientum
772 844 874 908 calcat
892 864 1031 907 acervos.

212 953 272 997 nec
287 929 431 995 Phineus
448 952 544 994 ausus
561 951 749 994 concurrere
766 929 942 994 comminus
959 927 1042 992 hosti

163 1035 196 1085 90
214 1015 374 1100 intorquet
390 1015 542 1079 iaculum:
561 1015 647 1097 quod
665 1014 778 1079 detulit
795 1035 882 1079 error
897 1013 931 1078 in
949 1013 1041 1090 Idan,
1104 1030 1114 1053 ⁰

213 1113 374 1186 expertem
392 1101 510 1165 frustra
526 1100 602 1164 belli
619 1110 651 1164 et
667 1111 781 1164 neutra
798 1123 887 1163 arma
904 1109 1057 1164 secutum.

213 1187 267 1252 ille
285 1199 377 1252 tuens
395 1186 494 1251 oculis
510 1185 664 1250 immitem
681 1184 807 1250 Phinea
824 1184 922 1249 torvis

171 1302 173 1305 ·
214 1271 486 1357 ‘quandoquidem
502 1270 536 1335 in
552 1271 672 1356 partes’
690 1270 736 1334 ait
758 1269 946 1347 ‘abstrahor,
965 1270 1082 1356 accipe,
1099 1268 1237 1349 Phineu,

122 1392 124 1395 ·
214 1378 309 1440 quem
326 1355 428 1422 fecisti
446 1355 583 1434 hostem,
601 1377 765 1441 pensaque
781 1355 843 1421 hoc
861 1357 991 1421 vulnere
1009 1355 1139 1421 vulnus'
1155 1390 1200 1403 -—

164 1462 197 1511 96
214 1442 342 1526 iamque
359 1441 547 1506 remissurus
564 1451 701 1505 tractum
713 1441 759 1524 de
779 1461 909 1525 corpore
925 1441 1024 1505 telum

215 1526 369 1614 sanguine
386 1526 526 1592 defectos
545 1526 660 1591 cecidit
676 1527 834 1612 collapsus
851 1527 886 1590 in
903 1536 998 1590 artus.

215 1611 280 1675 dux
300 1633 428 1695 quoque
447 1608 636 1697 Cephenum
652 1622 725 1696 post
742 1634 851 1697 regem
868 1610 990 1697 primus
1006 1612 1143 1678 Hodites
1226 1675 1229 1683 f

215 1720 290 1762 ense
307 1698 389 1763 iacet
406 1695 566 1781 Clymeni3
584 1696 803 1762 Prothoenora
819 1696 956 1782 percutit
972 1697 1135 1784 Hypseus,
1181 1712 1183 1717 “

214 1784 349 1868 Hypsea
365 1781 537 1868 Lyncides.
580 1782 642 1846 fuit
659 1792 691 1846 et
708 1781 908 1867 grandaevus
925 1781 958 1845 in
975 1781 1037 1847 illis

148 1887 197 1938 100
213 1867 399 1942 Emathion,
418 1867 511 1951 aequi
528 1869 630 1932 cultor
646 1866 839 1950 timidusque
857 1868 1003 1945 deorum;

214 1954 284 2036 qui,
301 1953 451 2037 quoniam
468 1952 636 2039 prohibent
653 1953 729 2017 anni
745 1952 877 2029 bellare,
895 1952 1055 2037 loquendo

238 2049 337 2140 ugnat
354 2049 386 2104 et
401 2038 529 2104 incessit
545 2039 760 2122 scelerataque
778 2038 915 2104 devovet
932 2061 1029 2102 arma.

214 2060 290 2189 hum
308 2121 456 2189 Chromis
474 2124 620 2209 amplexo
637 2122 779 2189 tremulis
798 2123 908 2189 altaria
924 2123 1038 2225 palmis

163 2222 165 2227 ⁴
215 2209 335 2276 decutit
352 2231 427 2275 ense
444 2220 555 2296 caput:
577 2210 665 2294 quod
681 2209 826 2296 protinus
843 2209 954 2275 incidit
971 2231 1055 2276 arae.

148 2314 197 2365 105
215 2308 309 2380 atque
326 2294 378 2363 ibt
390 2295 565 2361 semianimi
582 2295 681 2361 verba
697 2295 878 2361 execrantia
894 2294 1005 2382 lingua

215 2382 315 2447 edidit
331 2391 363 2448 et
380 2380 500 2446 medios
517 2381 656 2446 animam
674 2380 831 2467 expiravit
846 2381 880 2446 in
896 2381 998 2466 ignes.

214 2466 289 2532 hinc
305 2465 425 2553 gemini
442 2467 556 2532 fratres
572 2468 772 2551 Broteasque
789 2478 821 2533 et
838 2466 997 2532 caestibus
1015 2466 1156 2535 Ammon

214 2552 366 2629 invictus,
384 2550 469 2617 vinci
486 2552 513 2616 si
529 2562 657 2637 possent
675 2550 833 2618 caestibus
850 2574 952 2627 enses,

151 2687 154 2692 -
213 2636 339 2703 Phinea
356 2637 498 2703 cecidere
514 2660 625 2715 manu,
645 2634 836 2721 Cererisque
853 2638 1000 2703 sacerdos

148 2740 197 2792 110
215 2723 398 2809 Ampycus,
416 2723 533 2787 albenti
549 2723 672 2788 velatus
689 2734 833 2808 tempora
849 2723 938 2788 vitta.

214 2819 251 2873 tu
267 2829 407 2893 quoque,
425 2807 635 2895 Lampetide,
651 2830 716 2873 non
732 2809 791 2873 hos
808 2808 1007 2875 adhibendus
1024 2808 1066 2875 ad
1082 2834 1169 2892 usus,

214 2893 273 2959 sed
288 2892 358 2978 qui,
375 2893 463 2979 pacis
481 2915 578 2979 opus,
596 2893 750 2959 citharam
767 2916 841 2960 cum
859 2916 937 2961 voce
954 2917 1109 2976 moveres,
1220 2919 1230 2963 ’,
1298 2901 1301 2906 “

213 2978 320 3046 iussus
337 3001 407 3046 eras
425 2979 584 3045 celebrare
601 2978 700 3066 dapes
717 2979 897 3066 festumque
914 2981 1067 3049 canendo.

164 3095 165 3100 ¹
214 3091 310 3153 quem
326 3071 438 3156 procul
456 3072 847 3171 astantemplectrumque
864 3068 991 3133 imbelle
1008 3074 1167 3132 tenentem

146 3176 195 3226 115
212 3157 358 3223 Pettalus
374 3155 514 3221 inridens
531 3154 670 3240 ‘Stygiis
687 3177 766 3220 cane
783 3154 900 3220 cetera’
919 3154 998 3219 dixit

213 3241 401 3317 ‘Manibus'
419 3251 451 3305 et
467 3241 557 3307 laevo
574 3262 758 3306 mucronem
775 3251 916 3326 tempore
932 3240 1012 3305 lixit.

214 3326 352 3394 concidit
368 3337 400 3392 et
416 3325 523 3411 digitis
540 3326 747 3392 morientibus
763 3326 816 3390 ille
833 3335 1001 3411 retemptat

213 3412 267 3478 fila
283 3412 385 3496 lyrae:
404 3433 543 3494 casuque
560 3411 622 3476 fuit
638 3411 817 3476 miserabile
836 3432 972 3475 carmen.

213 3519 273 3563 nec
291 3497 364 3562 sinit
380 3496 466 3561 hunc
482 3497 612 3583 impune
629 3497 720 3562 ferox
737 3496 887 3561 cecidisse
904 3494 1091 3581 Lycormas,

148 3602 198 3652 120
214 3593 369 3668 raptaque
387 3582 426 3647 de
445 3581 555 3647 dextro
573 3581 704 3647 robusta
720 3582 873 3667 repagula
889 3581 973 3668 posti

214 3668 338 3733 ossibus
354 3666 452 3731 inlisit
472 3668 595 3732 mediae
613 3665 759 3733 cervicis:
777 3679 811 3731 at
826 3665 880 3732 ille

214 3752 382 3840 procubuit
400 3764 501 3817 terrae
518 3752 647 3817 mactati
663 3773 751 3818 more
768 3751 905 3817 iuvenci.

216 3839 342 3903 demere
359 3848 423 3901 tem
447 3836 534 3901 tabat
550 3837 634 3903 laevi
651 3858 779 3921 quoque
796 3838 911 3903 robora
926 3838 1025 3924 postis

217 3921 394 4007 Cinyphius
412 3859 553 3988 delatas:
572 3924 738 4009 temptanti
756 3923 886 3989 dextera
902 3924 967 3989 fixa
984 3936 1033 3990 est

149 4028 198 4079 125
216 4007 347 4093 cuspide
363 4007 579 4073 Marmaridae
598 4006 747 4093 Corythi,
765 4009 916 4095 lignoque
933 4009 1087 4078 cohaesit:

215 4091 357 4160 haerenti
373 4092 457 4163 latus
474 4092 580 4165 hausit
596 4093 695 4162 Abas.
739 4117 799 4166 aec
816 4096 933 4166 corruit
950 4095 1013 4177 ille,
