2800 4500
260 231 322 300 128
591 230 962 306 aovmnnasours‘

257 371 334 437 orbe
352 391 423 449 su03
441 370 597 456 tellusque
614 370 672 435 tibi
688 380 868 457 pontusque
885 378 1029 458 negetur.

259 469 343 523 certe
361 478 421 543 ego
438 479 502 522 non
518 456 631 542 patiar,
647 455 734 522 Iovis
751 455 959 533 incunabula,
977 454 1105 533 Creten,

191 563 240 613 100
258 542 314 626 qui
329 564 420 608 meus
437 553 485 608 est
502 542 602 620 orbis,
619 553 745 607 tantum
762 541 943 629 contingere
960 535 1156 607 monstrum?

258 627 347 693 dixit
391 638 423 693 et
439 640 475 692 ut
492 629 579 714 leges
597 629 697 713 captis
714 627 903 693 iustissimus
920 639 1030 693 auctor

256 713 401 778 hostibus
417 713 582 799 imposuit,
600 713 709 778 classis
726 713 900 778 retinacula
917 712 996 778 solvi

256 798 347 864 iussit
364 809 396 864 et
413 809 536 864 aeratas
552 798 677 885 impleri
694 798 815 884 remige
832 821 965 884 puppes.

258 882 366 969 Scylla
382 883 464 950 freto
480 895 649 969 postquam
667 883 819 949 deductas
836 907 913 950 nare
931 884 1053 949 carinas

191 991 239 1040 105
256 991 316 1035 nec
332 981 493 1055 praestare
511 970 625 1035 ducem
642 968 769 1034 sceleris
786 969 846 1034 sibi
863 969 1005 1055 praemia
1020 967 1110 1046 vidit,

257 1055 452 1141 consumptis
468 1055 617 1141 precibus
634 1054 805 1121 violentam
821 1055 934 1120 transit
949 1054 985 1120 in
1000 1054 1091 1130 iram,

255 1140 486 1224 intendensque
503 1162 631 1218 manus,
648 1139 750 1226 passis
767 1139 941 1205 furibunda
958 1139 1079 1225 capillis

207 1250 210 1254 ⁴
257 1234 335 1311 ‘quo
352 1225 459 1312 fugis,'
477 1227 634 1292 exclamat
651 1224 848 1291 ‘meritorum
866 1236 995 1291 auctore
1011 1224 1131 1304 relicta,

190 1362 193 1368 .
256 1333 276 1377 o
293 1311 413 1397 patriae
430 1311 570 1398 praelate
586 1333 691 1389 meae,
709 1310 849 1398 praelate
866 1310 1008 1396 parenti?
1121 1325 1125 1333 ·

191 1419 240 1470 llo
257 1419 320 1481 quc
338 1397 438 1483 fugis,
455 1397 606 1462 immitis?
623 1395 714 1462 cuius
731 1395 863 1461 victoria
879 1408 1025 1462 nostrum

257 1495 289 1549 et
305 1483 408 1548 scelus
426 1494 458 1548 et
474 1484 621 1547 meritum
638 1493 698 1548 est.
740 1503 800 1547 nec
817 1492 849 1547 te
867 1482 941 1547 data
957 1504 1103 1559 munera,
1120 1502 1180 1546 nec
1197 1490 1229 1548 to

256 1581 365 1634 noster
381 1590 471 1633 amor
487 1568 600 1646 movit,
616 1589 677 1634 nec
694 1568 780 1651 quod
797 1589 870 1654 spes
888 1567 989 1632 omnis
1005 1568 1039 1632 in
1056 1589 1156 1631 unum

203 1654 205 1659 ’
255 1665 288 1720 te
305 1677 379 1719 mea
396 1665 548 1739 congesta
565 1654 630 1719 esti
655 1675 732 1718 nam
749 1674 813 1737 quo
832 1652 956 1718 deserta
972 1653 1131 1718 revertar?

256 1740 288 1804 in
305 1739 459 1825 patriam?
477 1751 625 1826 superata
640 1738 733 1804 iacet.
776 1737 834 1803 sed
850 1739 936 1824 finge
953 1760 1095 1804 maneret

190 1845 239 1894 115
258 1824 434 1911 proditione
450 1847 523 1890 mea
541 1824 648 1890 clausa
665 1835 714 1889 est
730 1823 817 1888 mihi.
860 1823 959 1908 patris
976 1823 1018 1889 ad
1035 1824 1109 1889 ora?
1206 1852 1209 1857 ·

257 1932 352 1993 quem
369 1910 428 1974 tibi
445 1910 580 1975 donavi?
606 1910 691 1976 cives
708 1909 803 1975 odere
819 1920 1007 1988 merentem

255 1995 379 2060 finitimi
396 1995 575 2097 exemplum
592 2006 748 2061 metuunt
791 1994 1008 2061 obstruximus
1026 1995 1136 2060 orbem

256 2093 410 2146 terrarum
427 2081 532 2160 noble,
549 2092 586 2146 ut
604 2078 699 2147 Crete
718 2081 785 2146 sola
800 2091 933 2167 pateret.

256 2167 318 2232 hac
335 2188 462 2252 quoque
480 2167 506 2231 si
523 2166 672 2253 prohibes
690 2177 723 2232 et
739 2187 813 2245 nos,
829 2165 968 2253 ingrate,
985 2166 1147 2250 relinquis,

190 2274 239 2324 120
255 2276 320 2319 non
337 2254 481 2339 genetrix
498 2252 630 2338 Europa
645 2253 705 2318 tibi
721 2263 784 2327 est,
802 2252 859 2318 sed
874 2253 1034 2339 inhospita
1052 2252 1167 2339 Syrtis,

255 2339 427 2404 Armeniae
444 2338 542 2424 tigres
560 2349 729 2422 austroque
747 2338 865 2424 agitata
883 2335 1073 2423 Charybdis.

255 2446 314 2490 nec
331 2425 410 2490 Iove
426 2436 462 2489 tu
478 2435 586 2501 natus,
603 2446 663 2489 nec
679 2435 781 2489 mater
797 2422 936 2510 imagine
952 2423 1036 2488 tauri

256 2509 352 2575 ducta
369 2521 424 2575 tua
441 2520 502 2589 est3
520 2508 645 2595 generis
662 2508 744 2574 falsa
761 2520 809 2574 est
825 2532 864 2574 ea
881 2509 1005 2574 fabular
1032 2532 1126 2576 verus

255 2608 288 2660 et
304 2594 391 2660 ferus
408 2606 441 2660 et
458 2606 569 2681 captus
585 2594 702 2658 nullius
720 2616 826 2660 amore
843 2595 1007 2672 iuvencae,

189 2701 237 2750 125
255 2680 311 2763 qui
328 2692 359 2746 te
375 2680 558 2812 progenuit,
576 2692 686 2745 taurus
702 2679 774 2744 fuit
817 2679 910 2766 exige
949 2701 1055 2759 oenas,

255 2766 333 2831 Nise
349 2778 452 2866 pater.
479 2765 616 2852 gaudete
632 2764 738 2842 malis,
756 2766 851 2830 modo
867 2788 924 2852 pro
949 2766 1006 2844 'ta,
1022 2767 1148 2846 nostris,

254 2850 394 2917 moemal
419 2874 494 2916 nam
511 2851 623 2929 fateor,
640 2852 742 2917 merui
759 2862 791 2917 et
807 2874 879 2917 sum
896 2851 992 2938 digna
1008 2852 1121 2937 perire.

255 2936 312 3002 sed
327 2947 434 3002 tamen
453 2959 492 3003 ex
509 2936 570 3003 illis
587 2936 717 3020 aliquis,
734 2957 815 3021 quos
831 2936 930 3024 impia
946 2938 1033 3015 laesi,

255 3044 305 3088 me
322 3023 466 3109 perimat.
509 3044 576 3100 cur,
594 3022 648 3106 qui
665 3021 768 3088 vicisti
785 3021 915 3088 crimine
931 3034 1049 3100 nostro,

188 3129 238 3179 130
254 3106 428 3192 insequeris
446 3107 583 3173 crimen?
609 3107 712 3173 scelus
730 3108 791 3173 hoc
807 3108 991 3195 patriaeque
1007 3107 1163 3196 patrique,
1262 3143 1266 3152 ·

168 3255 170 3258 ,
255 3193 396 3260 officium
412 3193 470 3258 tibi
487 3193 536 3258 sit.
579 3204 611 3259 te
628 3215 702 3258 vere
720 3194 855 3278 coniuge
873 3193 970 3279 digna
986 3205 1044 3271 est,

254 3301 337 3363 quae
353 3291 480 3344 torvum
495 3278 583 3365 ligno
600 3278 725 3363 decepit
741 3278 884 3343 adultera
900 3291 1027 3343 taurum

254 3364 494 3448 discordemque
511 3374 600 3429 utero
618 3364 719 3429 fetum
736 3364 816 3428 tulit.
860 3363 974 3448 ecquid
992 3364 1032 3428 ad
1050 3386 1142 3430 aures

253 3450 441 3536 perveniunt
457 3472 529 3515 mea
546 3449 630 3514 dicta
646 3450 736 3514 tuas?
753 3471 795 3513 an
811 3448 918 3513 inania
934 3449 1019 3515 venti

188 3557 236 3608 135
254 3535 352 3601 verba
367 3533 488 3612 ferunt,
505 3534 654 3619 idemque
670 3545 756 3609 tuas,
773 3533 910 3620 ingrate,
928 3534 1070 3600 carinas?

253 3620 317 3685 iam
333 3619 398 3684 iam
414 3620 596 3705 Pasiphaen
613 3641 678 3685 non
695 3630 744 3685 est
759 3619 903 3685 mirabile
920 3631 1048 3685 taurum

253 3704 471 3790 praeposuisse
488 3705 561 3770 tibi:
578 3717 614 3769 tu
631 3705 705 3792 plus
721 3703 854 3770 feritatis
871 3706 1022 3771 habebas.

253 3812 305 3853 me
322 3788 483 3854 miseraml
509 3812 680 3876 properare
696 3789 800 3868 iuvat,
817 3790 1004 3875 divulsaque
1020 3791 1116 3857 remis

252 3873 340 3937 unda
358 3884 462 3938 sonat:
480 3898 605 3940 mecum
623 3875 768 3941 simulat
795 3898 867 3942 mea
883 3887 967 3944 terra
983 3877 1111 3943 recedit.

187 3979 236 4029 140
253 3958 298 4022 nil
315 3956 398 4043 agis,
416 3979 436 4023 o
453 3959 571 4025 frustra
586 3960 771 4027 meritorum
786 3962 883 4030 oblite
899 3984 1051 4029 meorum.

253 4041 402 4127 insequar
417 4041 566 4123 invitum,
581 4070 785 4134 puppemque
797 4049 943 4136 amplexa
958 4070 1123 4118 recurvam
