2800 4500
290 271 658 332 METAMORPHOSEON
673 272 748 328 LIB.
765 273 803 330 X·
821 272 965 330 cel-618.
1077 258 1139 326 177

117 396 242 464 sederat
258 398 478 486 Hippomenes
496 412 607 464 cursus
625 408 784 482 spectator
799 396 900 481 iniqui
1157 415 1207 465 5⁷5

117 495 149 548 et
166 484 319 570 “‘petitur
335 485 484 586 cuiquam
501 507 559 571 per
575 494 664 548 tauta
680 482 822 569 pericula
838 481 1029 548 coniunx?”'

117 569 241 634 dixerat
257 591 295 636 ac
311 593 425 635 mmros
442 570 594 634 iuvenum
612 568 778 634 damnarat
795 589 928 634 amores.

116 664 153 719 ut
169 654 284 720 faciem
302 666 332 720 et
349 655 453 741 posito
470 676 584 740 corpus
602 654 758 719 velamine
775 653 864 731 vidit,

117 740 211 822 qualo
228 762 349 818 meum,
366 741 418 806 vel
435 741 529 824 quale
546 749 651 815 tuum,
670 739 698 804 si
715 738 834 805 femina
851 738 919 816 fias,

117 824 283 911 obstipuit,
300 826 477 909 tollensque
494 847 607 889 manus
626 823 856 910 “‘ignoseite,'”
874 822 954 888 dixit

96 983 100 991 Ι
117 915 234 994 “‘quos
251 911 347 976 modo
364 910 506 997 culpavit
524 910 666 975 nondum
683 910 762 974 mihi
778 909 920 995 praemia
936 919 1022 986 nota,

8 1062 9 1067 ,
117 1016 199 1079 quae
216 995 379 1082 peteretis,
397 995 527 1061 eranam
569 995 730 1060 laudando
748 994 885 1082 concipit
901 994 993 1081 ignes

117 1091 163 1156 et,
180 1104 221 1146 ne
239 1081 310 1165 quis
328 1081 479 1148 iuvenum
498 1091 604 1146 currat
619 1080 774 1158 velocius,
794 1091 882 1166 optat

116 1164 298 1251 invidiaque
315 1166 414 1232 timet.
450 1166 543 1231 “‘sed
560 1188 617 1232 cur
633 1165 813 1231 certaminis
830 1165 925 1231 huius

116 1251 306 1337 intemptata
321 1252 400 1316 mihi
416 1251 545 1317 fortuna
562 1252 641 1317 relin
663 1251 801 1316 uitur?'''
819 1251 937 1335 inquitt

118 1337 308 1402 “‘audentes
327 1337 405 1402 deus
422 1337 490 1423 ipse
507 1337 636 1402 iuvat.”’
680 1337 757 1402 dum
775 1336 851 1401 talia
868 1357 977 1402 secum

118 1422 217 1509 exigit
233 1423 468 1509 Hippomenes,
485 1421 582 1508 passu
600 1424 687 1488 volat
702 1422 777 1488 alite
793 1421 894 1508 virgo.

118 1529 200 1592 quae
218 1529 412 1592 quamquam
430 1506 582 1593 Scythica
598 1530 663 1584 non
685 1507 784 1573 setius
801 1507 847 1574 ire
865 1507 981 1594 sagitta

118 1593 226 1658 Aonio
242 1591 312 1659 visa
329 1605 378 1658 est
394 1593 513 1670 iuveni,
529 1604 636 1659 tamen
653 1593 707 1659 ille
725 1593 871 1660 decorem

118 1678 251 1743 miratur
266 1679 384 1765 magis3
403 1688 435 1744 et
452 1700 563 1744 cursus
581 1678 656 1744 facit
674 1679 745 1764 ipsc
762 1678 919 1745 decorem.

118 1787 197 1829 aura
213 1764 310 1829 refert
328 1764 434 1829 ablata
451 1764 520 1829 citis
537 1764 650 1829 talaria
666 1763 794 1849 plantis,

118 1860 272 1951 tergaque
288 1849 446 1915 iactantur
462 1849 564 1914 crines
580 1871 639 1934 per
656 1849 810 1925 eburnea,
827 1869 973 1933 quaeque
1070 1920 1073 1931 ,

118 1935 291 2036 poplitrbus
308 1935 461 2000 suberant
475 1934 561 2020 picto
578 1933 728 2017 genualia
743 1933 856 1998 limbos

118 2040 215 2103 mque
232 2019 366 2106 puellari
383 2040 497 2104 corpus
514 2018 651 2084 candore
667 2018 818 2082 ruborem

118 2116 267 2181 traxerat,
283 2104 371 2168 haud
387 2104 487 2180 aliter,
504 2124 602 2187 quam
618 2125 693 2168 cum
710 2125 805 2189 super
822 2102 902 2168 atria
918 2102 1025 2170 velum

118 2189 255 2256 candida
271 2211 467 2275 purpureum
484 2187 646 2255 simulatas
662 2189 763 2255 inficit
777 2189 919 2254 umbras.

121 2276 198 2340 dum
214 2285 304 2339 notat
319 2274 399 2340 hacc
415 2274 544 2360 hospes,
562 2275 696 2340 decursa
713 2275 884 2340 novissima
901 2285 986 2341 meta
1003 2285 1061 2354 est,

121 2372 152 2427 et
169 2359 288 2447 tegitur
304 2359 387 2425 festa
403 2359 517 2425 victrix
534 2361 687 2426 Atalanta
704 2383 831 2426 corona.

121 2447 199 2511 dant
214 2445 369 2532 gemitum
385 2444 461 2511 victi
479 2445 685 2531 penduntque
703 2469 744 2512 ex
760 2446 888 2513 foedere
905 2467 1048 2532 poenas!

120 2541 309 2597 nontamen
327 2542 443 2596 eventu
459 2530 583 2596 iuvenis
601 2532 768 2597 deterritus
785 2531 900 2596 horum

121 2615 261 2683 constitit
277 2615 311 2681 in
328 2616 447 2694 medio,
465 2616 618 2700 vultuque
635 2616 669 2681 in
686 2617 808 2703 virgine
825 2617 890 2682 fixo

120 2702 235 2787 “‘quid
250 2702 378 2767 facilem
394 2702 522 2767 titulum
539 2702 718 2789 superando
735 2703 861 2786 quaeris
879 2703 1015 2769 inertes?

120 2810 248 2854 mecum
265 2786 423 2853 conferl''’
442 2787 496 2851 ait.
540 2793 633 2853 “‘seu
650 2810 702 2854 mc
718 2788 863 2853 Fortuna
879 2799 1041 2874 potentem

23 2892 24 2895 ’
122 2872 246 2948 fecerit,
265 2893 285 2937 a
301 2883 389 2937 tanto
405 2894 471 2937 non
488 2872 696 2959 indignabere
712 2873 806 2938 vinci.

121 2981 196 3023 nam
219 2979 260 3022 ue
276 2956 355 3023 mihi
371 2958 497 3043 genitor
513 2958 686 3043 Megareus
705 2956 912 3024 Onchestius:
930 2960 976 3023 rib

123 3055 171 3109 est
221 3053 357 3129 eptunus
375 3066 468 3109 avus:
487 3064 644 3129 pronepos
662 3065 723 3130 ego
740 3043 824 3130 regis
841 3065 1006 3128 aquarum.

122 3150 182 3194 nec
199 3127 298 3193 virtus
316 3129 395 3194 citra
411 3152 513 3216 genus
531 3139 589 3194 est.
632 3151 689 3194 seu
706 3129 825 3204 vincar,
841 3128 974 3194 habebis

50 3268 54 3276 .
122 3214 325 3315 Hippomene
342 3214 425 3279 vieto
442 3237 475 3278 m
540 3236 595 3278 um
613 3225 645 3279 et
660 3214 864 3280 memorabile
880 3212 1038 3279 nomen.'”

123 3300 199 3364 taba
216 3298 371 3378 dicentem
389 3299 476 3364 molli
521 3299 671 3365 choene'r'a
688 3300 779 3365 vultu

9 3395 12 3398 '
123 3383 236 3471 aspicit
251 3395 284 3449 et
301 3383 439 3461 dubitat,
458 3385 599 3470 superari
615 3408 657 3451 an
674 3384 800 3451 vincere
817 3386 915 3451 malit.
1162 3405 1213 3456 610

123 3480 219 3554 atque
235 3468 280 3534 ita
297 3469 402 3553 “‘quis
421 3469 498 3535 deus
515 3470 601 3536 hunc
618 3471 765 3557 formosis
771 3471 799 3500 ”'
816 3471 920 3555 inquit
936 3468 1101 3554 “‘iniquus

66 3592 70 3598 =
123 3554 255 3641 perdere
272 3555 354 3631 vult,
372 3575 527 3637 caraeque
544 3556 633 3621 iubet
650 3556 830 3622 discrimine
847 3557 931 3621 vitae

124 3639 308 3725 coniugium
325 3650 432 3726 petere
450 3640 529 3704 hoc?
545 3662 610 3706 non
627 3664 715 3718 sum,
730 3664 782 3707 me
799 3641 917 3719 iudice,
935 3639 1028 3706 tanti.

123 3747 183 3789 nec
199 3725 303 3789 forma
319 3736 435 3811 tangor
450 3723 607 3811 (poteram
624 3738 732 3792 tamen
748 3726 810 3792 hac
826 3748 953 3811 quoque
970 3725 1084 3812 tangi),

124 3809 182 3874 sed
197 3809 284 3893 quod
300 3810 406 3876 adhuc
422 3832 502 3896 puer
519 3821 576 3877 est.
602 3833 667 3876 non
683 3834 735 3877 me
752 3822 859 3878 movet
874 3811 953 3913 ipse,
970 3810 1029 3877 sed
1046 3822 1143 3877 aetas.
1161 3830 1211 3879 615

123 3894 201 3979 quid
218 3895 303 3978 quod
319 3896 402 3962 inest
418 3895 518 3961 virtus
536 3908 568 3962 et
583 3919 672 3962 mens
689 3896 832 3962 interrita
848 3897 923 3963 letr?

123 3978 200 4064 quid
217 3980 304 4062 quod
321 3982 362 4046 ab
379 4002 537 4065 aequorea
553 3993 738 4047 numeratur
753 3982 874 4069 origine
892 3982 1042 4067 quartus?

122 4063 206 4212 quiplm
217 4064 302 4147 quod
321 4079 407 4132 amat
424 4066 565 4153 tantique
581 4079 673 4154 putat
690 4067 827 4134 conubia
843 4081 961 4145 nostra,

204 4163 323 4209 ututur
941 4168 975 4226 12
