2800 4500
262 256 324 324 178
593 267 627 324 P.
646 269 771 329 0v11>11
788 267 951 327 NASONIS

260 405 297 459 ut
313 405 436 481 pereat,
454 392 482 460 si
499 415 550 458 me
567 392 649 458 Fors
666 393 713 458 illi
730 392 810 459 dura
827 391 970 480 negarit?

193 500 243 550 620
261 481 337 545 dum
354 480 442 557 licet,
461 479 592 564 hospes,
610 478 677 556 abi,
694 477 915 563 thalamosque
932 478 1075 561 relinque
1092 489 1250 545 cruentos.
1280 517 1282 520 >

260 565 443 651 coniugium
461 564 588 630 crudele
605 586 713 629 meum
732 574 789 629 est.
833 564 892 628 tibi
908 564 1029 629 nubere
1046 564 1135 628 nulla

259 651 359 727 nolet,
377 661 409 715 et
425 650 527 736 optari
544 659 634 734 potes
651 672 672 714 a
688 649 831 734 sapiente
848 650 964 751 puella

260 758 317 801 eur
333 747 441 802 tamen
458 747 504 800 est
521 734 601 799 mihi
617 756 694 801 eura
711 734 772 812 tui,
790 745 838 800 tot
853 758 918 799 ram
935 744 1009 800 ante
1025 733 1216 821 peremptis?

259 820 385 886 videritl
403 821 553 896 intereat,
569 820 727 903 quoniam·
738 830 786 885 tot
802 820 899 886 coede
906 841 1084 969 procorum

193 927 242 976 625
260 906 440 971 admonitus
456 928 522 971 non
538 916 600 981 est,
618 905 787 992 agiturque
803 905 837 969 in
853 915 904 970 tae
927 905 959 968 ia
975 905 1071 970 vitae.

261 993 383 1057 occidet
400 991 452 1057 hie
468 991 575 1076 igitur,
593 990 694 1056 voluit
711 991 787 1074 quia
803 991 910 1055 vivere
927 991 1072 1056 mecum?

259 1077 487 1163 indignamque
504 1097 616 1142 necem
632 1075 769 1161 pretium
786 1075 925 1161 patietur
941 1076 1076 1140 amoris?

260 1184 324 1227 non
342 1162 401 1227 erit
417 1161 556 1226 invidiae
573 1161 706 1226 victoria
723 1177 831 1226 nostra
847 1160 1007 1227 ferendae.

261 1248 397 1313 sednon
415 1247 509 1333 eulpa
525 1268 597 1312 mea
613 1257 673 1312 est
716 1247 838 1312 utinam
855 1246 1006 1312 desistere
1023 1246 1134 1312 vellesl

193 1352 243 1402 666
261 1343 331 1411 aut,
349 1332 499 1417 quoniam
517 1354 550 1397 es
568 1332 714 1406 demens,
732 1332 853 1397 utinam
870 1331 1008 1397 velocior
1024 1331 1124 1397 666661

260 1429 294 1484 at
310 1440 407 1502 quam
424 1417 585 1503 virgineus
601 1417 717 1503 puerili
733 1418 840 1483 vultus
856 1417 890 1482 in
907 1440 962 1483 ore
980 1416 1042 1483 est!

261 1527 295 1580 a,
312 1503 408 1568 miser
424 1504 643 1589 Hippomene,
660 1503 778 1569 nollem
795 1502 853 1567 tibi
869 1502 938 1567 visa
954 1500 1099 1568 fuissem!

261 1589 368 1654 vivere
386 1588 501 1674 diguus
519 1609 597 1654 eras.
641 1588 729 1671 quod
746 1587 774 1652 si
789 1587 911 1654 felicior
927 1610 1030 1654 essem

260 1696 320 1740 nec
336 1673 415 1738 mihi
432 1673 615 1760 coniugium
631 1673 700 1738 fata
716 1673 953 1759 importunans
977 1684 1077 1750 arent,

194 1779 243 1828 665
260 1781 344 1824 unus
360 1781 446 1836 eras,
464 1781 537 1823 cum
555 1779 618 1843 quo
636 1758 756 1824 sociare
774 1759 891 1824 cubilia
908 1695 1063 1824 veliem.’''

262 1844 398 1910 dixerat:
415 1855 515 1945 utque
532 1844 620 1908 rudis
637 1844 803 1930 primoque
821 1841 981 1931 Cupidine
999 1855 1093 1920 taeta,

261 1930 339 2013 quid
357 1928 446 2005 velit,
463 1951 629 2014 ignorans,
647 1939 734 1994 amat
750 1940 782 1994 et
797 1952 862 1995 non
879 1930 973 1995 sentit
990 1951 1140 1997 amorem.

261 2013 325 2080 iam
344 2015 451 2080 solitos
491 2026 603 2080 oseunt
620 2036 732 2080 cursus
748 2016 947 2101 populusque
964 2026 1127 2101 paterque,

263 2121 336 2164 eum
352 2123 404 2166 me
421 2121 458 2165 so
482 2100 554 2165 'cita
570 2101 675 2187 proles
692 2100 744 2166 Ne
767 2100 856 2165 tunia
872 2121 951 2167 voce

132 2270 134 2273 Α
194 2207 245 2257 eto
261 2185 388 2252 invocat
401 2186 629 2271 Hippomenes,
643 2123 944 2272 “‘Oytiierea’'’que,
958 2186 1286 2272 “‘eompreeor,ausis

262 2271 378 2336 adsit’''
397 2272 442 2336 ait
458 2272 607 2337 “‘nostris
625 2282 672 2350 et,
689 2294 771 2356 quos
789 2272 886 2349 dedit,
904 2272 1033 2338 adiuvet
1048 2272 1181 2358 ignes.’''

262 2356 374 2423 detulit
391 2380 469 2421 aura
485 2380 595 2443 preces
612 2358 654 2423 ad
670 2380 723 2422 me
739 2379 803 2423 non
820 2358 929 2423 invida
945 2358 1093 2423 blandas:

261 2454 411 2526 motaque
429 2465 514 2517 sum,
532 2442 643 2508 fateor·
687 2465 748 2508 nec
764 2443 834 2529 opis
851 2465 940 2508 mora
956 2445 1054 2544 longa
1070 2443 1216 2510 dabatur.

262 2537 310 2592 est
327 2550 413 2627 ager,
432 2526 831 2612 indigenae'Tamasenum
848 2529 975 2596 nomine
992 2529 1112 2605 dicunt,

195 2633 244 2682 645
262 2613 381 2678 telluns
401 2609 540 2698 Cypriae
556 2635 631 2698 pars
648 2613 782 2713 optima,
800 2634 898 2697 quam
915 2613 993 2678 mihi
1010 2615 1105 2700 prisci

262 2720 426 2763 sacravere
444 2720 550 2774 senes,
568 2698 757 2783 templisque
775 2700 924 2765 accedere
943 2700 1050 2766 dotem

262 2781 344 2847 hanc
361 2782 481 2848 iussere
497 2783 587 2848 meis.
630 2783 735 2849 medio
751 2784 831 2850 nitet
848 2785 943 2849 arbor
959 2786 993 2850 in
1011 2808 1098 2861 arvo,

262 2867 350 2932 fulva
368 2889 505 2945 comam,
523 2868 612 2933 fulvo
629 2870 726 2934 ramis
743 2870 969 2954 crepitantibus
986 2893 1074 2936 aure.

262 2951 336 3017 111116
353 2952 413 3017 tria
430 2953 512 3019 forte
528 2976 601 3019 mea
617 2954 747 3020 veniens
765 2954 914 3041 decerpta
930 2955 1072 3021 ferebam

194 3057 245 3106 656
262 3060 359 3102 aurea
376 3060 471 3124 poma
488 3062 599 3103 manu:
616 3040 760 3124 nullique
776 3041 914 3106 videnda
930 3040 991 3106 nisi
1007 3040 1018 3105 i
1042 3042 1069 3106 si

261 3123 488 3208 Hippomenen
505 3124 569 3187 adii
586 3124 758 3208 docuique,
776 3125 848 3209 quis
865 3149 942 3191 usus
959 3126 993 3191 111
1009 3064 1081 3191 iilis.

261 3207 353 3292 signa
370 3208 466 3273 tubae
484 3209 649 3286 dederant,
667 3220 741 3275 cum
758 3232 884 3276 earcere
901 3233 1020 3297 pronus
1036 3226 1169 3296 uterque

262 3294 390 3371 emicat,
408 3311 439 3358 et
457 3317 613 3358 summam
631 3294 725 3360 celeri
742 3296 823 3381 pede
839 3297 919 3362 libat
935 3296 1095 3363 harenam.

261 3400 355 3464 posse
372 3390 464 3464 putes
481 3379 552 3444 illos
570 3379 655 3445 sicco
672 3380 755 3445 freta
770 3381 882 3446 radere
899 3405 996 3469 passu

194 3483 243 3533 655
261 3475 293 3528 et
310 3463 427 3549 segetis
445 3486 544 3530 canae
562 3475 680 3529 stantes
697 3487 881 3548 percurrere
898 3468 1020 3534 aristas.

261 3548 402 3613 adiciunt
419 3550 541 3614 animos
557 3549 664 3615 iuveni
682 3551 863 3635 clamorque
881 3552 955 3618 favo
995 3577 1034 3619 ue

261 3633 421 3716 verbaque
439 3634 599 3700 dicentum
617 3575 1055 3713 ί“1111116,11111161116611111616
1074 3652 1211 3727 tempus,

260 3718 477 3802 Hippomene,
494 3718 644 3806 properat
661 3742 747 3786 nune
764 3721 884 3787 viribus
901 3736 990 3791 utere
1007 3724 1095 3790 totis:

260 3803 344 3888 pelle
360 3825 496 3881 moram,
513 3804 662 3870 vinces.”'
706 3805 854 3884 dubium,
871 3807 1057 3895 Megareius
1074 3810 1168 3877 heros

195 3907 245 3957 666
261 3886 400 3971 gaudeat
418 3911 459 3952 an
476 3889 567 3975 virgo
585 3889 687 3976 magis
705 3890 755 3956 1116
773 3890 951 3959 Schoeneia
968 3894 1069 3961 dietis.

261 3993 281 4036 o
298 3971 458 4054 quotiens,
477 3995 550 4039 cum
565 3974 629 4040 iam
647 3988 755 4061 posset
771 3979 917 4053 transire,
935 3990 1058 4046 morata
1075 3992 1124 4048 est

262 4067 481 4143 spectatosque
499 4059 554 4128 diu
571 4061 677 4128 vultus
694 4061 795 4130 invita
811 4063 951 4150 reliquit!
