2800 4500
233 250 235 255 '
326 285 695 347 omrauoarnosnon
711 287 785 345 nm.
802 288 853 345 xr.
871 287 1016 346 arc-aa.
1121 272 1184 341 189

164 410 219 477 sed
236 409 379 477 trabibus
396 411 502 478 densis
518 412 655 495 lucoque
672 411 823 476 umbrosa
839 422 980 488 vetust03
1203 429 1253 481 aco

161 497 194 562 N
195 496 315 562 ere'r'des
331 496 518 581 Nereusque
536 508 653 563 tenent.
697 496 755 561 hos
772 497 880 561 navita
898 496 988 582 ponti

162 580 261 647 edidit
277 604 346 647 esse
364 581 455 658 deos,
473 582 550 647 dum
566 583 647 647 retia
662 582 754 647 litore
771 581 878 647 siccat.

161 667 268 732 iuncta
284 667 376 752 palus
393 667 468 732 huic
486 678 533 733 est
550 667 656 733 densis
674 667 804 732 obsessa
822 667 950 745 salictis,

161 772 257 835 quam
274 753 485 839 restagnantis
503 752 578 819 fecit
596 751 692 817 maris
710 752 797 817 unda
813 752 971 838 paludem.

160 836 235 902 inde
252 836 379 924 fragore
435 837 487 902 avi
504 837 614 922 strepit
630 847 662 903 et
678 839 749 902 loca
766 836 910 922 proxima
926 847 1022 903 terret

161 921 256 987 belua
273 932 378 1000 vasta,
407 944 490 1009 upus
495 947 504 1000 3
516 924 682 1007 iuncisque
689 922 883 1007 palustribus
900 922 965 988 exit

160 1007 277 1072 oblitus
294 1017 327 1073 et
343 1009 464 1093 spumis
482 1018 514 1072 et
531 1029 659 1093 sparsus
676 1007 831 1092 sanguine
848 1007 946 1072 rictus

160 1092 346 1170 fulmineos,
363 1092 459 1157 rubra
477 1092 618 1158 suffusus
634 1092 756 1158 lumina
772 1092 910 1157 flamma.

160 1175 216 1261 qui
233 1197 428 1261 quamquam
445 1177 546 1244 saevit
561 1177 679 1263 pariter
695 1177 848 1260 rabieque
865 1177 1023 1261 fameque,

161 1261 264 1327 acrior
280 1272 328 1327 est
344 1260 443 1328 rabie.
486 1284 590 1346 neque
609 1262 692 1328 enim
709 1263 826 1328 ieiunia
843 1274 934 1329 curat

161 1347 258 1412 caede
276 1347 374 1412 boum
391 1347 555 1433 diramque
571 1348 689 1414 famem
706 1348 810 1425 finire,
828 1348 885 1414 sed
902 1370 996 1415 omne

160 1432 307 1497 vulnerat
324 1443 500 1498 armentum
518 1434 691 1518 sternitque
708 1433 863 1500 hostiliter
879 1456 983 1500 omne.

160 1539 234 1667 pars
252 1538 379 1602 quoque
398 1517 437 1583 de
454 1518 546 1583 nobis
564 1519 690 1584 funesto
708 1519 816 1584 saucia
831 1541 950 1597 morsu,

182 1625 238 1667 um
255 1602 471 1681 defensamus,
489 1603 552 1669 leto
570 1614 618 1669 est
635 1604 720 1669 data.
764 1605 918 1692 sanguine
935 1605 1010 1671 litus

163 1688 309 1772 undaque
325 1688 429 1775 prima
444 1689 538 1755 rubet
555 1689 799 1776 demugitaeque
816 1689 959 1776 paludes.
1129 1698 1131 1701 ’

160 1772 217 1839 sed
233 1796 323 1838 mora
340 1774 493 1840 damnosa
509 1785 650 1853 est‚‘nec
666 1798 718 1841 res
736 1774 881 1842 dubitare
898 1775 1037 1843 remittit

160 1859 237 1924 dum
255 1871 398 1945 superest
415 1858 550 1944 aliquid,
568 1862 673 1926 cuncti
690 1882 854 1938 coeamus,
871 1872 904 1927 et
921 1884 1019 1938 arma,

161 1967 250 2009 arma
267 1966 469 2030 capessamus
487 1945 718 2028 coniunctaque
734 1945 799 2011 tela
815 1945 975 2012 feramus?

160 2029 283 2094 dixerat
300 2030 442 2115 agrestis.
485 2052 545 2095 nec
561 2029 661 2096 Pelea
678 2030 795 2095 damna
810 2031 996 2109 movebant3

161 2115 232 2192 sed,
249 2136 371 2179 memor
387 2114 525 2192 admissi,
542 2114 682 2200 Nereida
699 2114 819 2202 colligit
835 2116 947 2181 orbam

141 2199 277 2264 damna
295 2222 353 2265 sua
369 2199 498 2265 inferias
515 2199 653 2267 extincto
671 2199 795 2267 mittere
811 2200 932 2268 Phoco.

160 2285 292 2350 induere
309 2308 397 2349 arma
414 2285 499 2350 viros
516 2286 718 2371 violentaque
736 2309 860 2353 sumere
877 2288 941 2353 tela
1009 2321 1012 2334 ‚

160 2393 218 2435 rex
233 2369 323 2435 iubet
341 2367 483 2437 Oetaeus
488 2395 497 2449 ;
516 2393 589 2437 cum
606 2372 676 2456 quis
694 2373 788 2438 simul
804 2373 874 2459 ipse
891 2373 1025 2459 parabat

160 2455 216 2520 ire.
261 2455 317 2521 sed
333 2456 479 2541 Alcyone
498 2457 635 2522 coniunx
652 2458 757 2524 excita
774 2458 913 2523 tumultu

160 2540 282 2626 prosilit
299 2551 345 2617 et,
362 2541 504 2607 nondum
521 2553 604 2608 totos
621 2554 733 2608 ornata
749 2544 891 2630 capillos,

161 2626 264 2691 disicit
280 2625 338 2690 hos
355 2626 456 2712 ipsos,
474 2628 619 2713 colloque
636 2628 743 2693 infusa
758 2629 874 2708 mariti,

159 2713 264 2778 mittat
280 2723 316 2780 ut
333 2714 487 2779 auxilium
503 2716 571 2781 sine
588 2738 633 2792 se,
652 2715 820 2797 verbisque
838 2725 985 2799 precatur

158 2811 190 2866 et
206 2798 358 2877 lacrimis,
375 2798 559 2882 animasque
577 2798 656 2863 duas
673 2808 711 2863 ut
728 2807 832 2863 servet
847 2798 881 2862 in
898 2820 972 2862 una.

61 2892 62 2895 ’
158 2883 317 2951 Aeacides
334 2883 394 2949 illi:
412 2885 567 2970 ‘pulcros‚
583 2883 708 2968 regina,
725 2882 857 2967 piosque

157 2992 241 3057 pone
258 2980 371 3037 metus.
414 2970 508 3056 plena
524 2980 573 3034 est
588 2968 735 3054 promissi
751 2968 855 3053 gratia
870 2966 976 3032 vestri.
1200 2986 1253 3035 390

158 3078 223 3120 non
240 3056 345 3142 placet
363 3078 451 3120 arma
467 3054 545 3118 mihi
562 3064 672 3119 contra
688 3073 773 3117 nova
789 3063 931 3116 monstra
948 3050 1083 3117 moveris

158 3164 277 3207 numen
294 3140 492 3205 adorandum
509 3139 581 3225 pela
604 3138 612 3155 ‘
631 3138 700 3203 est'
744 3148 811 3203 erat
828 3136 928 3202 ardua
944 3137 1051 3215 turris,

159 3247 232 3291 arce
244 3225 312 3310 iugi
327 3247 465 3301 summa,
482 3224 574 3291 fessis
603 3245 661 3290 oca
677 3234 771 3310 grata
787 3222 912 3288 carinis.

160 3311 336 3376 ascendunt
352 3309 428 3375 illuc
445 3320 623 3394 stratosque
638 3309 673 3375 in
689 3309 781 3375 litore
798 3319 905 3373 tauros

160 3417 234 3462 cum
250 3394 373 3483 gemitu
390 3395 547 3481 aspiciunt
563 3405 817 3478 vastatoremque
835 3403 965 3460 cruento
1020 3432 1022 3434 ·
1201 3412 1250 3462 cae

160 3502 215 3546 ore
232 3480 350 3558 ferum,
367 3480 479 3566 longos
495 3480 649 3548 infectum
665 3480 820 3567 sanguine
837 3480 939 3545 villos.

159 3564 234 3632 inde
251 3588 364 3630 manus
381 3566 514 3631 tendens
530 3566 564 3631 in
581 3565 681 3652 aperti
697 3566 790 3630 litora
806 3566 906 3666 ponti,

161 3651 338 3717 caeruleam
355 3650 473 3716 Peleus
490 3649 698 3728 Psamathen,
717 3662 753 3716 ut
769 3650 858 3716 fimat
874 3651 965 3728 iram,

161 3747 244 3813 orat,
261 3757 418 3822 opemque
434 3733 526 3801 ferat
567 3759 627 3803 nec
644 3736 776 3802 vocibus
793 3736 848 3800 illa
863 3734 1005 3823 rogantis

160 3822 297 3886 flectitur
313 3820 490 3886 Aeacidae:
508 3821 619 3888 Thetis
635 3822 719 3887 hanc
734 3842 793 3907 pro
810 3821 946 3907 coniuge
963 3819 1099 3906 supplex

161 3907 283 3993 accepit
300 3905 437 3973 veniam.
480 3906 537 3972 sed
554 3906 638 3973 enim
654 3917 822 3973 revocatus
838 3905 872 3970 in
888 3906 954 3972 acri

162 3992 258 4058 caede
275 3993 309 4057 lu-
332 4015 370 4057 us
387 4002 520 4078 perstat,
538 3992 706 4059 dulcedine
723 3990 887 4078 sanguinis
905 4014 1012 4077 aspere

162 4078 263 4146 donec
280 4015 495 4146 inlaerentem
512 4077 635 4146 lacerae
653 4077 776 4147 cervice
792 4077 945 4145 iuvencae
