2800 4500
319 234 687 293 METAMORPHOSEON
704 235 777 290 LIB.
796 234 831 292 V.
852 235 994 291 171-258.
1122 220 1163 287 79

143 360 367 444 confessasque
385 383 498 424 manus
514 359 706 445 obliquaque
723 357 872 423 bracchia
888 358 1019 424 tendens
1181 378 1230 428 21⁵

145 447 278 527 ‘vincia’
297 447 342 511 ait
359 445 505 512 ‘Persem
548 465 676 509 remove
692 443 762 508 fera
778 454 933 520 monstra,
951 454 1087 528 tuaeque

144 534 289 599 saxificos
307 532 427 608 vultus,
445 551 665 616 quaecumque
683 551 735 605 ea,
752 529 827 593 tolle
844 528 1015 595 Medusae:

144 620 233 696 tolle,
250 638 371 703 precor.
414 638 479 681 non
495 637 554 682 nos
572 615 679 680 odium
697 614 827 699 regnive
846 614 961 700 cupido

144 703 297 790 compulit
314 702 355 767 ad
373 702 506 768 bellumz
546 722 582 766 ro
599 701 734 786 coniuge
752 699 908 764 movimus
925 722 1023 765 arma.

144 812 241 854 causa
257 787 319 853 fuit
335 787 455 853 meritis
476 724 588 852 medior
603 802 672 862 tua,
692 796 833 871 tempore
849 795 967 850 nostra.
1182 806 1232 856 220

142 897 207 940 non
225 873 356 939 cessisse
373 873 471 958 piget.
514 871 606 948 nihil,
624 893 644 936 o
661 870 845 946 fortissime,
863 880 987 956 praeter

144 959 228 1025 hanc
244 959 382 1023 animam
399 958 537 1023 concede
553 956 645 1022 mihi:
663 967 720 1021 tua
737 967 842 1021 cetera
858 955 972 1020 sunto!

144 1045 221 1109 talia
238 1043 353 1109 dicenti
370 1064 473 1126 neque
490 1065 578 1118 eum,
597 1064 692 1127 quem
711 1062 789 1106 voce
805 1040 949 1126 rogabat,

144 1129 301 1215 respicere
317 1129 447 1194 audenti
464 1128 585 1212 ‘quod‚’
604 1128 657 1204 ait,
675 1126 888 1191 ‘timidissime
905 1125 1043 1203 Phineu,

146 1226 177 1280 et
194 1235 325 1300 possum
342 1213 503 1290 tribuisse,
522 1224 553 1278 et
569 1235 722 1298 magnum
741 1223 789 1277 est
804 1235 921 1276 munus
937 1211 1031 1277 inerti
1047 1248 1088 1259 —
1183 1232 1233 1282 225

144 1322 228 1386 pone
245 1309 365 1364 metum
380 1334 424 1346 —
440 1298 592 1363 tribuam:
611 1298 698 1363 nullo
716 1297 875 1363 violabere
892 1297 986 1362 ferro.

145 1386 222 1470 quin
240 1383 336 1449 etiam
352 1406 502 1449 mansura
519 1384 602 1449 dabo
618 1382 814 1448 monimenta
830 1405 888 1468 per
904 1405 1029 1461 aevum,

143 1471 241 1554 inque
259 1468 353 1534 domo
370 1470 471 1534 soceri
488 1491 613 1555 semper
629 1468 815 1556 spectabere
831 1468 941 1546 nostri,

143 1567 181 1621 ut
196 1578 269 1620 mea
285 1577 320 1620 se
337 1554 443 1640 sponsi
462 1556 580 1620 soletur
596 1553 735 1640 imagine
753 1554 910 1620 coniunx?

144 1641 238 1707 dixit:
255 1651 288 1706 et
303 1640 338 1705 in
354 1651 476 1725 partem
493 1640 697 1725 Phorcynida
715 1639 875 1705 transtulit
889 1640 987 1717 illam,
1184 1660 1235 1711 230

144 1727 186 1792 ad
204 1747 301 1810 quam
318 1748 352 1791 se
369 1725 492 1812 trepido
509 1724 651 1791 Phineus
668 1725 848 1790 obverterat
864 1745 928 1790 ore.

144 1824 213 1876 tum
232 1832 359 1895 quoque
376 1810 503 1876 conanti
520 1833 580 1876 sua
596 1821 718 1876 vertere
735 1809 856 1874 lumina
873 1809 980 1876 cervix

145 1896 298 1982 deriguit,
317 1917 458 1979 saxoque
475 1897 639 1961 oculorum
656 1894 798 1960 induruit
814 1915 915 1959 umor.

145 1983 202 2048 sed
219 1993 325 2047 tamen
343 2003 378 2046 os
396 1981 558 2059 timidum,
575 1982 745 2064 vultusque
761 1979 796 2045 in
813 2003 970 2045 marmore
987 1981 1132 2068 supplex,

145 2066 396 2150 summissaeque
413 2089 541 2143 manus,
558 2066 720 2150 faciesque
737 2065 875 2131 obnoxia
891 2066 1016 2131 mansit
1184 2089 1233 2138 235

186 2152 300 2219 Victor
316 2150 515 2217 Abantiades
531 2153 650 2238 patrios
667 2174 742 2217 eum
759 2151 894 2236 coniuge
910 2173 1018 2216 muros
1115 2169 1233 2227 Proetus.

143 2236 255 2315 intrat,
273 2247 305 2304 et
322 2236 470 2302 immeriti
486 2237 604 2304 vindex
620 2237 767 2321 ultorque
783 2235 923 2324 parentis

145 2322 330 2409 aggreditur
345 2322 509 2388 Proetum.
551 2346 626 2388 nam
643 2323 741 2389 fratre
758 2346 816 2409 per
833 2345 921 2388 arma
938 2322 1051 2409 fugato

144 2408 346 2474 Acrisioneas
363 2406 499 2473 Proetus
516 2409 700 2495 possederat
717 2431 815 2475 arces.

145 2495 202 2560 sed
219 2516 279 2559 nec
295 2515 355 2578 ope
372 2516 532 2558 armorum
548 2515 622 2571 nec,
641 2516 737 2578 quam
754 2495 837 2559 male
854 2504 995 2579 ceperat,
1013 2517 1085 2561 arce
1184 2518 1234 2568 240

145 2590 236 2644 torva
252 2578 434 2645 colubriferi
452 2578 613 2665 superavit
628 2580 750 2644 lumina
766 2581 906 2645 monstri.

186 2663 235 2729 Te
252 2675 374 2741 tamen,
391 2686 411 2729 o
427 2686 545 2750 parvae
561 2676 674 2740 rector,
690 2664 881 2749 Polydecte,
901 2664 1038 2751 Seriphi,
1076 2682 1232 2751 Polydecten

144 2771 204 2816 nec
220 2748 343 2815 iuvenis
361 2749 462 2813 virtus
479 2772 536 2834 per
553 2761 601 2814 tot
617 2761 759 2836 spectata
775 2750 910 2826 labores,

143 2857 204 2901 nec
219 2835 305 2900 mala
321 2834 509 2899 mollierunt.
552 2833 609 2899 sed
625 2834 820 2900 inexorabile
838 2836 936 2900 durus

144 2942 272 2986 exerces
289 2919 413 2997 odium,
429 2941 490 2985 nec
505 2918 616 3003 iniqua
632 2920 704 2984 finis
720 2920 819 2985 inira
835 2931 893 2985 est.
1184 2943 1233 2991 245

145 3006 301 3072 detrectas
318 3006 414 3070 etiam
431 3003 566 3081 laudem,
584 3008 753 3088 fictamque
771 3006 927 3070 Medusae

144 3091 252 3176 arguis
270 3113 339 3155 esse
355 3112 477 3156 necem.
521 3089 682 3154 ‘dabimus
699 3089 758 3154 'tibi
774 3091 908 3175 pignora
924 3089 1001 3154 veri.

143 3174 264 3261 parcite
280 3174 482 3239 luminibusl’
525 3174 664 3240 Perseus
681 3174 740 3249 ait,
758 3196 877 3258 oraque
893 3177 978 3260 regis

143 3282 198 3325 ore
215 3259 393 3325 Medusaeo
410 3259 529 3325 silicem
548 3260 616 3325 sine
633 3260 788 3345 sanguine
804 3259 889 3324 fecit.

186 3346 353 3410 Hactenus
370 3344 541 3431 aurigenae
558 3344 707 3410 comitem
724 3345 868 3409 Tritonia
884 3345 975 3409 fratri
1062 3363 1233 3432 fflppocreae.

144 3452 179 3495 se
196 3428 293 3495 dedit.
335 3429 410 3495 inde
427 3452 507 3495 cava
523 3430 718 3495 circumdata
734 3430 820 3494 nube
838 3427 996 3516 Seriphon
1185 3455 1232 3503 251
1326 3495 1328 3500 .

145 3514 275 3590 deserit,
292 3536 313 3578 a
330 3514 441 3579 dextra
459 3512 587 3599 Cythno
605 3512 780 3599 Gyaroque
796 3514 923 3592 relictis,

144 3620 272 3682 quaque
288 3621 385 3685 super
400 3611 534 3684 pontum
550 3600 603 3665 via
620 3600 688 3664 visa
705 3599 906 3677 brevissima,
923 3600 1051 3666 Thebas

144 3683 385 3769 virgineumque
402 3683 559 3749 Helicona
575 3685 664 3771 petit.
708 3704 772 3769 quo
789 3695 897 3750 monte
913 3687 1015 3770 potita

145 3768 284 3834 constitit
301 3781 333 3835 et
350 3769 459 3834 doctas
477 3769 522 3834 sio
539 3781 588 3836 est
604 3770 712 3835 adfata
729 3791 864 3835 sorores:
1185 3792 1235 3845 aas

145 3853 246 3918 ‘fama
263 3854 338 3919 novi
354 3855 451 3920 fontis
468 3865 592 3920 nostras
608 3855 753 3941 pervenit
770 3856 812 3920 ad
829 3877 932 3932 aures,

144 3940 225 4005 dura
239 3939 409 4006 Medusaei
426 3962 522 4024 quem
539 3938 696 4026 praepetis
713 3940 834 4027 ungula
849 3941 945 4028 rupit.

142 4025 266 4095 ismihi
284 4048 381 4093 causa
396 4024 482 4093 viae:
500 4026 587 4093 volui
604 4025 747 4094 mirabile
765 4026 886 4093 factum
