2800 4500
273 273 641 339 mrauoarflossou
658 272 731 335 LlB.
749 272 828 336 VIII.
847 271 993 334 matta
1084 255 1146 325 139

122 404 272 484 intumui,
290 416 490 491 quantusque
505 403 606 488 feror,
624 424 697 468 oum
711 401 884 489 plurimus,
901 421 1053 483 unquam,

89 542 91 546 -
122 489 229 559 teritus
247 515 349 570 eram,
365 491 544 578 pariterque
561 489 674 554 animis
691 487 839 551 immanis
856 497 888 552 et
904 485 998 550 undis
1193 564 1197 572 .

123 603 144 644 a
161 577 248 643 silvis
266 579 360 643 silvas
378 589 410 643 et
427 577 468 641 ab
485 576 569 641 arvis
586 597 663 640 arva
680 572 808 649 revulsi,
1164 588 1214 639 585

125 685 261 748 cumque
278 664 347 728 loco
364 661 536 749 nymphas,
554 681 710 725 memores
727 669 796 722 tum
814 656 951 740 denique
968 654 1078 731 nostri,

124 749 159 815 in
175 749 257 814 freta
273 748 439 835 provolvi,
470 748 584 812 fluctus
600 755 770 828 nosterque
788 742 947 825 marisque

126 834 307 900 continuam
325 833 449 898 diduxit
465 832 599 896 humum
615 840 789 917 partesque
802 827 926 893 revellit

125 918 159 984 in
176 919 322 996 totidem,
340 917 452 983 mediis
469 930 549 1001 quot
566 915 668 982 cernis
685 914 868 980 Echinadas
885 911 989 977 undis.
1166 932 1216 983 555

168 1003 217 1069 Ut
233 1016 339 1069 tamen
352 1003 420 1089 ipse
433 1002 533 1078 vides,
550 1002 661 1087 procul
674 1023 715 1066 en
731 1000 842 1085 procul
859 1021 924 1063 una
936 995 1065 1062 recessit
1082 1013 1216 1068 Peimete.

125 1089 230 1156 insula
246 1100 338 1175 grata
354 1089 446 1153 mihi:
463 1087 642 1152 Perimelen
658 1086 767 1150 navita
783 1082 869 1150 dicit.

82 1194 84 1197 ·
126 1175 202 1240 huic
218 1196 279 1260 ego
296 1173 475 1258 virgineum
493 1173 627 1238 dilectae
642 1192 758 1237 nomen
776 1168 889 1235 ademi.

127 1259 215 1345 quod
231 1270 321 1345 pater
337 1256 558 1347 Hippodamas
575 1278 670 1344 aegre
686 1255 774 1334 tulit,
791 1255 888 1339 inque
905 1253 1100 1340 profundum

126 1346 266 1432 propulit
283 1367 300 1410 e
318 1344 449 1429 scopulo
466 1342 625 1430 periturae
643 1363 776 1427 corpora
791 1352 895 1405 natae.

126 1430 252 1518 excepi,
269 1441 461 1512 nantemque
478 1428 584 1494 ferens
601 1434 646 1492 “o
663 1427 809 1528 proxima
825 1426 937 1490 mundi
1167 1444 1217 1496 555

126 1538 226 1602 regna
242 1512 369 1603 vagae'’
386 1514 453 1579 dixi
470 1513 603 1579 “sortite
620 1511 815 1578 Tndentifer
831 1511 946 1588 undae,

127 1602 218 1667 adfer
235 1622 341 1687 opem,
359 1620 697 1749 mersaeque,epreosn‚
714 1597 841 1663 festae
856 1608 990 1746 palerna

128 1687 183 1764 da,
200 1686 360 1772 Neptune,
376 1686 496 1750 locums
522 1706 557 1749 ’ν
605 1683 646 1749 sit
662 1684 752 1748 locus
769 1683 849 1768 ipsa,
878 1680 1005 1748 icebit.''

128 1772 205 1836 dum
220 1772 343 1859 loquor,
361 1772 508 1856 amplexa
525 1781 574 1835 est
590 1781 677 1834 artus
694 1789 780 1833 nova
796 1779 880 1832 terra
896 1778 1052 1845 natantes,

128 1868 161 1924 et
177 1857 283 1943 gravis
300 1855 433 1921 increvit
449 1855 578 1919 mutatis
594 1854 698 1919 insula
715 1851 885 1918 membris.'
1168 1873 1220 1926 555

171 1942 286 2006 Amnis
304 1941 345 2005 ab
363 1940 412 2004 his
430 1940 538 2005 tacuit.
582 1938 704 2003 factum
721 1937 865 2002 mirabile
883 1947 1014 2002 cunctos

127 2038 280 2092 moverat.
323 2025 433 2089 irridet
449 2024 627 2101 credentes,
644 2034 744 2106 utque
762 2022 893 2086 deorum

4 2178 6 2193 ὲ
128 2122 251 2195 spretor
268 2122 335 2176 erat
352 2109 528 2192 mentisque
545 2108 636 2173 ferox
652 2107 765 2173 Ixione
782 2117 887 2184 natus,

129 2196 217 2261 ‘ficta
234 2194 333 2262 refers
351 2194 547 2277 nimiumque
565 2203 674 2280 putas,
692 2192 850 2268 Acheloe,
867 2201 1012 2278 potentes

128 2304 198 2347 esse
216 2279 312 2356 deos,'
330 2279 410 2345 dixit
426 2280 468 2344 ‘si
486 2279 562 2344 dant
579 2278 787 2364 adimuntque
802 2276 942 2364 figuras!
1036 2301 1038 2306 ’
1169 2301 1218 2353 555

127 2366 309 2452 obstipuere
326 2386 436 2430 omnes
453 2385 513 2430 nec
530 2365 607 2429 talia
624 2364 710 2429 dicta
726 2364 915 2451 probarunt:

127 2463 201 2518 ante
219 2471 392 2534 omnesque
409 2450 527 2527 Lelex,
544 2451 650 2514 animo
667 2461 811 2514 maturus
829 2460 862 2515 et
878 2469 969 2526 aevo,
1050 2483 1185 2537 Pedanos
1197 2493 1221 2539 e,

127 2537 173 2603 sio
190 2535 248 2602 ait:
267 2536 499 2622 fimmensaest
517 2534 676 2620 finemque
693 2533 836 2622 potentia
853 2534 933 2601 caeli
1078 2552 1184 2606 Bacch.

126 2621 319 2696 nonhabet,
337 2632 369 2687 et
386 2620 538 2705 quioquid
555 2620 662 2708 superi
680 2621 825 2698 voluere,
841 2629 1007 2706 peractum
1024 2632 1083 2687 est.

126 2727 253 2791 quoque
270 2706 375 2771 minus
392 2706 534 2772 dubitesz
552 2706 638 2772 tiliae
656 2705 852 2772 contermina
869 2726 1006 2790 quercus
1170 2727 1220 2777 olo
1305 2723 1310 2733 ·

67 2795 70 2799 ’
127 2792 260 2857 collibus
278 2802 326 2857 est
343 2790 508 2884 Phrygiis,
526 2791 651 2857 modico
668 2791 864 2857 circumdata
880 2811 982 2856 muro.

126 2876 195 2962 ipse
212 2879 317 2942 locum
338 2876 413 2942 vidi:
431 2899 506 2942 nam
522 2899 574 2943 me
591 2875 745 2963 Pelopeia
760 2876 909 2942 Pittheus

126 2961 213 3026 misit
228 2961 262 3027 in
280 2984 357 3027 arva
374 2984 432 3027 suo
449 2961 611 3046 quondam
628 2972 762 3048 regnata
778 2960 913 3047 parenti.

126 3047 213 3111 haud
229 3047 340 3134 procul
356 3047 431 3113 hinc
448 3058 597 3133 stagnum
615 3058 676 3112 cst:
694 3047 790 3113 tellus
807 3045 988 3112 habitabilis
1006 3047 1091 3126 olim,

126 3153 212 3197 nunc
229 3132 368 3198 celebres
386 3132 504 3218 mergis
521 3131 690 3216 fulicisque
707 3132 900 3218 palustribus
917 3132 1032 3198 undae.
1170 3152 1219 3203 615

126 3216 272 3317 Iuppiter
288 3217 350 3281 huc
367 3239 382 3281 s
424 3217 472 3283 cie
489 3217 628 3294 mortali,
646 3239 783 3301 cumque
799 3229 930 3304 parente

126 3313 213 3366 vemt
231 3302 374 3368 Atlantia
397 3326 431 3368 es
448 3303 558 3388 positis
575 3303 738 3368 caducifer
754 3302 823 3368 alis.

126 3387 213 3452 mille
230 3387 341 3451 domos
359 3388 478 3466 adiere,
496 3389 603 3453 locum
619 3389 826 3474 requiemque
843 3400 1002 3476 petentes:

127 3471 214 3536 mille
231 3471 342 3536 domos
360 3473 500 3539 clausere
518 3496 617 3539 serae.
660 3486 767 3539 tamen
784 3497 849 3539 una
865 3474 995 3560 recepit,

4 3565 7 3582 '
127 3578 228 3641 parva
244 3556 387 3640 quidem,
404 3557 528 3643 stipulis
545 3571 577 3624 et
595 3581 697 3624 canna
714 3570 797 3625 tecta
837 3561 959 3624 alustri:

128 3640 185 3706 sed
202 3640 256 3726 pia
271 3641 390 3707 Baucis
407 3665 488 3707 anus
505 3643 660 3728 parilique
679 3655 783 3709 aetate
831 3645 969 3709 hilemon

128 3725 184 3791 illa
200 3737 275 3792 sunt
292 3726 383 3792 annis
400 3728 501 3793 iuncti
517 3728 732 3806 iuvenalibus,
748 3730 803 3793 illa

128 3832 321 3878 consenuere
340 3833 423 3877 casa.
466 3825 749 3901 paupertatemque
766 3813 895 3880 fatendo

128 3895 263 3962 effecere
280 3898 383 3963 levem
400 3921 460 3964 neo
476 3898 586 3982 iniqua
602 3910 708 3964 mente
725 3900 866 3964 ferendo.

127 4004 188 4048 nec
204 3982 316 4060 refert,
334 3984 479 4049 dominos
495 3985 560 4049 illic
576 3984 755 4050 famulosne
772 3986 929 4068 requiras:

127 4078 195 4135 tota
213 4068 326 4133 domus
343 4070 407 4135 duo
425 4080 513 4148 sunt,
530 4070 624 4138 idem.
632 4081 808 4156 parentque
824 4071 1008 4154 iubeatque.
