2800 4500
313 238 681 301 amrauoarnosnon
697 237 770 298 nm.
789 238 839 301 u.
859 237 985 300 rr-ror.
1116 224 1158 298 91

139 366 251 432 illicet
269 366 402 452 Tyrium
421 391 502 453 quae
519 391 660 454 purpura
677 367 774 432 sensit
791 372 906 432 aenum

139 453 266 529 texitur,
284 465 317 518 et
333 464 443 520 tenues
460 453 552 540 parvi
569 453 756 518 discriminis
773 453 920 518 umbrae:

139 538 241 621 qualis
259 537 301 603 ab
317 538 418 603 imbre
436 540 515 605 solet
531 537 689 624 percussis
706 537 825 602 solibus
842 558 935 602 arcus

138 623 265 689 inficere
282 622 403 710 ingenti
420 625 552 710 longum
569 623 752 688 curvamine
769 623 902 700 caelum,

138 708 172 772 in
189 730 253 792 quo
270 708 387 774 diversi
403 709 524 775 niteant
540 730 613 774 cum
630 708 715 774 mille
733 709 864 785 colores,
1178 729 1210 779 65

139 794 288 859 transitus
305 793 374 880 ipse
391 806 497 860 tamen
515 794 689 880 spectantia
705 792 826 859 lumina
843 793 938 857 fallit:

138 900 240 962 usque
258 879 337 944 adeo
355 881 442 963 quod
458 881 562 965 tangit
577 878 662 944 idern
680 889 742 956 est;
760 890 867 944 tamen
885 879 996 943 ultima
1014 878 1140 954 distant.

138 963 202 1029 illic
220 975 251 1029 et
267 965 388 1030 lentum
405 965 466 1029 filis
483 964 663 1030 immittitur
680 987 804 1041 aurum,

139 1060 170 1114 et
187 1060 279 1114 vetus
296 1049 329 1113 in
347 1048 411 1114 tela
428 1049 595 1116 deducitur
612 1062 844 1135 argumentum.

138 1131 295 1220 Cecropia
310 1134 419 1199 Pallas
437 1136 602 1220 scopulum
619 1135 777 1201 Mavortis
794 1135 828 1199 in
845 1156 918 1200 arce

136 1219 240 1368 pingit
256 1231 289 1285 et
305 1220 468 1304 antiquam
486 1221 526 1286 de
543 1232 645 1285 terrae
662 1219 790 1286 nomine
807 1219 905 1285 litem.

160 1304 187 1369 is
206 1327 262 1370 sex
279 1306 431 1371 caelestes
448 1305 553 1371 medio
570 1306 648 1371 love
666 1304 794 1370 sedibus
812 1306 884 1370 altis

138 1402 275 1476 augusta
290 1391 448 1476 gravitate
465 1392 575 1456 sedent
580 1416 590 1468 ;
608 1413 666 1456 sua
683 1411 842 1475 quemque
860 1390 991 1456 deorum

131 1475 278 1541 inscribit
295 1476 401 1541 iacies
425 1475 512 1541 Iovis
530 1488 577 1542 est
595 1477 711 1561 regalis
728 1476 848 1560 imag0;

137 1572 220 1626 stare
238 1560 334 1627 deum
350 1561 456 1647 pelagi
473 1563 526 1627 lon
550 1584 633 1646 oque
649 1560 744 1627 ferire
761 1562 897 1626 tridente

137 1668 251 1745 aspera
267 1669 345 1711 saxa
361 1646 453 1722 facit,
470 1670 521 1712 me
546 1647 638 1731 'oque
655 1669 673 1712 e
691 1647 822 1712 vulnere
840 1646 908 1710 saxi

137 1731 285 1796 exiluisse
302 1732 433 1810 fretum,
451 1753 515 1816 quo
533 1733 665 1818 pignore
682 1732 822 1798 vindicet
839 1731 961 1797 urbem

136 1827 169 1881 at
186 1816 247 1880 sibi
264 1817 319 1881 dat
336 1818 487 1902 clipeum,
505 1818 561 1882 dat
577 1828 688 1882 acutae
706 1817 846 1902 cuspidis
863 1816 997 1895 hastam,

137 1902 191 1966 dat
208 1903 334 1987 galeam
351 1903 461 1987 capiti3
479 1902 659 1968 defenditur
676 1902 789 1988 aegide
806 1912 932 1988 pectus:

135 2007 381 2072 percussamque
398 2010 457 2052 sua
474 1988 600 2052 simulat
617 1988 658 2052 de
675 1988 805 2072 cuspide
823 1998 939 2052 terram
1175 2007 1210 2059 80

136 2072 230 2136 edere
248 2093 320 2136 oum
338 2071 426 2137 bacis
444 2072 544 2138 fetum
562 2073 702 2138 canentis
720 2072 838 2150 olivae3

136 2156 306 2240 mirarique
324 2156 410 2223 deos.
454 2157 555 2243 operis
574 2159 718 2222 Victoria
734 2157 817 2221 finis.

135 2255 171 2307 ut
189 2255 295 2307 tamen
313 2243 465 2328 exemplis
481 2243 645 2329 intellegat
661 2243 787 2309 aemula
802 2241 916 2318 laudis,

135 2329 222 2412 quod
239 2328 375 2413 pretium
391 2341 496 2414 speret
513 2351 570 2415 pro
589 2340 655 2393 tam
671 2327 839 2394 furialibus
857 2328 953 2406 ausis,

135 2424 285 2496 quattuor
301 2413 334 2478 in
351 2426 456 2500 partes
473 2414 645 2480 certamina
661 2425 812 2497 quattuor
828 2413 917 2478 addit
1174 2434 1208 2484 85

135 2499 221 2563 clara
238 2499 341 2564 colore
360 2521 428 2575 suo,
445 2499 596 2565 brevibus
614 2500 763 2565 distincta
779 2499 900 2584 sigillis.

135 2583 315 2649 Threiciam
333 2585 510 2670 Rhodopen
528 2585 624 2650 habet
641 2586 778 2672 angulus
796 2607 878 2649 unus
896 2595 927 2649 et
944 2584 1114 2658 Haemum,

134 2691 220 2734 nunc
237 2670 360 2755 gelidos
377 2682 515 2747 montes,
533 2671 677 2735 mortalia
694 2691 826 2755 corpora
843 2669 1014 2753 quondam,

134 2752 265 2819 nomina
282 2777 478 2820 summorum
495 2755 556 2820 sibi
573 2756 630 2840 qui
646 2755 785 2821 tribuere
803 2754 944 2820 deorum.

135 2841 234 2905 altera
251 2839 436 2926 Pygmaeae
453 2840 556 2906 fatum
572 2839 751 2906 miserabile
768 2840 878 2905 matris
1177 2860 1210 2912 90

134 2947 208 3011 pars
226 2925 332 2991 habet.
375 2926 458 2991 hanc
474 2927 558 2992 Iuno
575 2926 692 2991 victam
710 2925 879 2991 certamine
896 2924 988 2989 iussit

135 3032 204 3075 esse
222 3033 334 3096 gruem
350 3011 540 3097 populisque
558 3011 623 3076 suis
640 3010 779 3076 indicere
797 3010 925 3076 bellum

133 3095 235 3181 pinxit
254 3108 286 3161 et
302 3097 486 3182 Antigonen
503 3119 615 3163 ausam
632 3095 822 3162 contendere
840 3094 999 3179 quondam

135 3201 209 3244 cum
226 3181 335 3266 magni
351 3193 495 3248 consorte
511 3183 599 3248 Iovis
604 3207 613 3259 3
631 3203 729 3266 quam
745 3181 835 3266 regia
850 3180 933 3246 Iuno

135 3264 169 3327 in
187 3266 347 3331 volucrem
365 3268 467 3332 vertit.
510 3289 571 3333 nec
587 3267 708 3353 profuit
723 3266 806 3331 Ilion
823 3266 869 3331 illi
1176 3285 1208 3337 95

135 3348 363 3417 Laomedonve
403 3366 480 3430 ater,
499 3353 632 3438 sumptis
650 3352 728 3435 quin
746 3351 881 3416 candida
898 3349 1010 3437 pennis

134 3433 205 3521 ipsa
222 3434 282 3499 sibi
299 3375 431 3521 plaudat
448 3438 621 3523 crepitante
639 3435 761 3502 ciconia
778 3448 888 3502 rostro.

134 3519 192 3603 qui
209 3532 353 3606 superest
370 3521 455 3586 solus
473 3520 616 3608 Cinyran
633 3522 731 3588 habet
747 3523 884 3608 angulus
901 3521 1029 3587 orbum:

132 3604 224 3689 isque
241 3607 361 3691 gradus
378 3607 501 3693 templi,
519 3620 666 3674 natarum
682 3607 827 3673 membra
843 3629 983 3685 suarum,

134 3692 327 3777 amplectens
345 3714 488 3776 saxoque
504 3692 611 3760 iacens
628 3692 793 3759 lacrimare
810 3692 945 3758 videtur.
1177 3712 1227 3762 100

134 3776 246 3841 circuit
263 3789 421 3843 extremas
438 3777 516 3843 oleis
532 3778 696 3864 pacalibus
715 3801 797 3843 oras.

132 3861 161 3947 is
178 3862 292 3927 modus
310 3873 372 3940 est,
391 3862 558 3947 operisque
576 3886 634 3929 sua
651 3862 729 3934 facit
746 3862 859 3928 arbore
876 3862 982 3928 finem.

175 3946 323 4013 Maeonis
340 3949 462 4014 elusam
480 3948 626 4034 designat
643 3948 781 4034 imagine
799 3948 881 4013 tauri

132 4031 306 4123 Europam.
350 4056 462 4099 verum
483 4046 622 4113 taurum,
639 4035 721 4101 freta
738 4057 814 4100 vera
830 4044 969 4121 putares.
