2800 4500
239 258 301 331 134
569 272 602 330 P.
622 272 748 331 ovtnrr
762 270 927 330 ussorus

237 401 461 487 Hippocoonte
477 406 574 464 satus.
618 396 828 484 trepidantem
845 406 876 462 et
893 406 985 482 terga
1001 403 1166 480 parantem
1223 396 1226 401 ’
1257 442 1260 449 f

170 510 175 539 ¹
217 536 220 543 .
238 498 361 552 vertere
379 485 501 550 succiso
519 484 680 566 liquerunt
697 482 817 568 poplite
833 480 932 546 nervi.

171 593 220 643 865
238 571 370 637 forsitan
387 582 419 636 et
435 569 548 655 Pylius
566 569 644 634 citra
660 566 801 633 Troiana
816 567 950 652 perisset

239 667 394 742 tempora:
413 656 468 720 sed
485 664 611 741 sumpto
628 653 733 739 posita
749 651 915 718 conamine
932 652 973 716 ab
990 651 1081 716 hesta

240 742 359 806 arboris
376 740 509 817 insiluit,
527 762 609 824 quae
627 739 732 806 stabat
749 737 907 824 proxima,
924 737 1030 814 ramis,

239 827 447 913 despexitque
464 827 534 891 loco
551 836 654 902 tutus,
672 845 769 909 quem
785 824 925 908 fugerat,
942 823 1077 888 hostem.

241 912 388 979 dentibus
405 913 458 976 ille
475 912 565 975 ferox
582 910 616 974 in
634 931 754 994 querno
772 909 877 993 stipite
893 908 974 973 tritis

172 1018 223 1068 tto
239 998 382 1063 imminet
399 995 505 1074 exitio,
522 996 686 1079 fidensque
702 995 882 1060 recentibus
900 993 996 1058 armis

238 1082 413 1168 Eurytidae
430 1081 539 1167 magni
555 1091 657 1145 rostro
674 1079 779 1169 femur
795 1079 902 1144 hausit
918 1079 1053 1143 adunco.

241 1179 274 1233 at
313 1166 423 1245 emini,
439 1167 583 1231 nondum
600 1166 748 1231 caelestia
765 1165 878 1242 sidera,
895 1164 1019 1242 frenes,

210 1262 212 1266 ’
241 1277 292 1318 am
352 1253 528 1339 conspicui,
545 1252 619 1316 nive
637 1250 872 1316 candidioribus
890 1249 985 1314 ambo
1096 1254 1101 1263 '

240 1339 448 1404 vectabantur
464 1338 569 1422 equis,
587 1336 681 1402 ambo
698 1336 823 1401 vibrata
839 1357 897 1420 per
913 1357 1007 1400 auras

173 1442 222 1492 375
239 1423 402 1488 hastarum
419 1422 756 1506 tremulosquatiebant
774 1420 895 1507 spicula
911 1431 1010 1484 motu.

240 1511 371 1574 vulnera
387 1508 550 1586 fecissent,
567 1507 628 1572 nisi
646 1508 782 1592 saetiger
798 1506 881 1571 inter
897 1527 1023 1592 opacas,

240 1616 299 1659 nec
316 1594 442 1670 iaculis,
458 1594 547 1671 isset,
565 1614 724 1675 neceque
741 1593 812 1656 loca
827 1591 951 1691 pervia,
968 1591 1074 1655 silvas.

240 1678 440 1765 persequitur
454 1679 623 1754 Telamon,
641 1676 810 1759 studioque
827 1686 972 1741 incautus
990 1676 1087 1741 eundi

262 1786 359 1829 renus
376 1765 417 1828 ab
435 1764 568 1829 arborea
584 1762 696 1828 cecidit
713 1762 820 1827 radice
836 1772 986 1827 retentus.

173 1869 223 1919 380
240 1786 317 1913 dum
334 1849 420 1914 levat
435 1849 521 1914 hunc
537 1848 655 1913 Peleus
661 1878 673 1926 ,·
688 1849 823 1914 celerem
840 1847 989 1933 Tegeaea
1005 1845 1156 1932 sagittam

239 1935 391 2020 imposuit
406 1956 504 2000 nervo
522 1934 709 2017 sinuatoque
727 1933 848 2020 expulit
865 1954 951 1998 arcu.

240 2020 304 2084 fixa
322 2021 382 2085 suh
400 2042 476 2085 aure
493 2019 553 2085 feri
570 2041 731 2084 summum
748 2017 914 2085 destrinxit
932 2017 1077 2084 harundo

242 2127 371 2191 corpus,
390 2118 422 2171 et
439 2105 556 2191 exiguo
572 2105 730 2171 rubefecit
746 2104 901 2204 sanguine
918 2114 1032 2169 saetas.

196 2220 198 2225 ·
241 2211 301 2256 nec
318 2201 423 2257 tamen
441 2192 496 2256 illa
513 2191 562 2256 sui
579 2211 729 2257 successu
746 2190 857 2256 laetror
873 2189 965 2267 ictus,

173 2295 222 2347 885
240 2298 335 2361 quam
353 2277 537 2362 Meleagros
555 2286 632 2341 erat.
676 2276 796 2362 primus
814 2274 931 2340 vidisse
948 2285 1079 2360 putatur
1110 2349 1113 2356 Ι

241 2372 273 2426 et
289 2360 410 2447 primus
428 2362 521 2425 sociis
538 2362 643 2426 visum
659 2361 835 2426 ostendisse
853 2382 1007 2437 cruorem,

135 2493 139 2498 ·
240 2457 272 2512 et
289 2446 463 2512 ‘meritum'
482 2446 599 2511 dixisse
617 2447 714 2511 ‘lieres
732 2445 856 2510 virtutis
873 2444 1044 2510 honorem?

239 2532 395 2597 erubuere
413 2531 471 2595 viri
489 2552 586 2614 seque
604 2531 811 2596 exhortantur
829 2541 860 2595 et
877 2530 999 2595 addunt

239 2639 314 2681 cum
331 2617 467 2682 clamore
485 2617 607 2681 animos
624 2616 806 2700 iaciuntque
824 2616 891 2682 sine
908 2615 1018 2680 ordine
1035 2615 1108 2680 tela.

172 2720 223 2771 390
239 2702 334 2767 turba
349 2712 443 2767 nocet
459 2700 565 2779 iactis,
583 2712 616 2767 et
633 2723 714 2785 quos
731 2702 825 2787 petit,
842 2700 975 2787 impedit
990 2701 1082 2765 ictus.
1185 2747 1188 2752 ·

240 2808 314 2852 ecce
331 2787 439 2852 furens
458 2800 568 2852 contra
584 2810 643 2852 sua
659 2786 727 2852 fata
745 2786 922 2872 bipennifer
938 2786 1042 2851 Areas

240 2872 379 2948 ‘discite
397 2872 544 2938 femineis
559 2872 638 2956 quid
654 2872 719 2938 tela
736 2871 838 2937 virilia
855 2881 1025 2958 praestent,

240 2978 259 3022 ο
277 2957 422 3033 iuvenes,
440 2957 591 3044 operique
608 2978 679 3023 meo
697 2958 874 3024 concedite'
893 2956 982 3021 dixit.

241 3042 325 3128 ‘ipsa
342 3042 407 3108 suis
425 3043 499 3109 licet
516 3044 602 3109 hunc
618 3043 758 3109 Latonia
774 3054 920 3131 protegat
937 3041 1042 3118 armis,

172 3148 222 3197 395
238 3127 338 3193 invita
353 3139 460 3194 temen
478 3128 563 3193 hunc
580 3129 714 3214 perimet
731 3152 802 3194 mea
819 3130 930 3193 dextra
947 3126 1075 3192 Diana?

240 3213 316 3278 talia
331 3213 536 3299 magniloquo
554 3213 694 3281 tumidus
713 3224 942 3279 memoraverat
958 3234 1024 3288 ore,

241 3298 474 3385 ancipitemque
492 3320 588 3363 manu
605 3300 720 3364 tollens
737 3308 871 3382 utraque
889 3298 1025 3362 securim

239 3384 395 3449 institerat
413 3384 534 3469 digitis,
551 3383 670 3469 primos
688 3405 860 3469 suspensus
877 3382 910 3446 in
928 3394 1025 3447 artus.

240 3480 374 3554 occupat
391 3470 575 3545 audentem,
592 3490 721 3553 quaque
739 3481 787 3533 est
803 3469 856 3533 via
874 3468 1018 3552 proxima
1035 3468 1110 3545 leto,

171 3574 223 3624 400
239 3576 364 3618 summa
380 3554 467 3620 ferus
484 3554 629 3640 geminos
647 3553 762 3619 direxit
779 3553 820 3617 ad
837 3553 970 3637 inguina
987 3553 1108 3617 dentes.

241 3638 377 3703 concidit
393 3639 558 3716 Ancaeus,
576 3640 814 3725 glomerataque
831 3637 987 3723 sanguine
1005 3637 1105 3702 multo

240 3723 362 3788 viscera
378 3723 468 3807 lapsa
485 3725 601 3806 fluunt3
618 3723 798 3789 madefacta
816 3735 866 3787 est
878 3734 962 3788 terra
980 3744 1099 3788 cruore.

240 3806 308 3872 ibet
324 3807 358 3871 in
376 3808 544 3873 adversum
561 3811 665 3895 proles
683 3809 803 3874 Ixionis
822 3808 944 3873 hostem

240 3891 418 3969 Pirithous,
435 3894 541 3958 valide
558 3893 704 3978 quatiens
722 3894 879 3959 venabula
896 3894 1017 3959 dextra.
1058 3917 1062 3924 ’

172 3997 222 4047 405
241 3977 293 4040 cui
301 3977 429 4062 ‘procul’
438 3978 581 4063 Aegides
599 3986 634 4043 ‘o
651 4002 703 4044 me
721 3979 798 4043 mihi
816 3979 932 4044 carior'
949 3978 1053 4062 inquit

136 4149 137 4154 ἵ
242 4067 330 4149 ‘pers
348 4060 486 4140 animae,
504 4063 655 4142 consiste,
673 4064 778 4133 meeel
804 4066 878 4130 licet
896 4064 1019 4129 eminus
1037 4084 1107 4132 esse
