2800 4500
253 281 317 352 256
591 293 949 357 emoniensem

209 421 212 426 ’
253 421 371 506 vixque
388 418 569 507 pererratis,
587 442 670 506 quae
687 432 832 508 spectant
848 421 955 500 litora,
973 420 1075 499 terris,

254 506 376 573 invenit
393 506 528 573 Aesarei
545 506 656 572 fatalia
671 507 811 574 fluminis
829 529 885 573 ora

204 613 237 662 ee
255 614 315 658 nec
332 592 443 678 procul
460 592 535 657 hinc
551 592 726 670 tumulum,
745 592 804 658 sub
822 613 887 677 qno
903 602 1027 659 saerata
1045 590 1194 659 Crotonis

254 699 327 742 ossa
343 677 474 763 tegebat
489 676 621 756 humus3
638 678 787 761 iussaque
804 678 850 743 ibi
866 678 992 743 moenia
1008 689 1092 744 terra

254 763 395 829 condidit
412 774 445 829 et
459 784 576 829 nomen
594 764 741 829 tumulati
757 764 853 829 traxit
870 764 904 828 in
920 764 1053 829 urbem!

254 848 330 913 talia
346 848 512 913 constabat
529 858 616 914 certa
630 848 804 934 primordia
820 848 908 914 fama

254 956 323 999 esse
340 932 402 999 loci
418 933 603 1019 positaeque
620 933 711 999 Italis
727 933 761 999 in
778 934 895 999 finibus
912 934 1010 999 urbis.

203 1040 237 1091 co
296 1019 435 1086 Virrfuit
451 1018 516 1094 hic,
535 1030 606 1085 ortu
624 1017 763 1086 Samius.
790 1020 848 1084 sed
864 1019 992 1105 fugerat
1007 1043 1073 1086 una
1106 1038 1276 1107 &asperae

254 1115 286 1170 et
304 1103 425 1171 Samon
442 1116 474 1170 et
491 1104 650 1180 dominos,
668 1105 805 1188 odioque
823 1106 998 1189 tyrannidis
1016 1106 1090 1170 exul

254 1201 367 1276 sponte
383 1200 461 1256 erat.
504 1189 594 1274 isque
599 1237 609 1268 ,
626 1190 700 1257 lieet
718 1190 798 1255 caeli
814 1190 943 1275 regione
961 1201 1108 1270 remotos,

255 1286 362 1341 mente
379 1275 456 1341 deos
474 1275 551 1341 adiit
569 1287 614 1352 et,
632 1297 716 1359 quae
732 1286 848 1340 natura
863 1275 1008 1362 negabat

254 1361 375 1426 visibus
393 1360 554 1438 humanis,
572 1361 672 1426 oeulis
688 1384 728 1428 ea
744 1360 881 1447 pectoris
898 1360 1013 1427 hausit.

204 1468 236 1519 aa
255 1467 391 1531 eumque
409 1446 514 1511 animo
531 1457 564 1512 et
580 1446 669 1533 vigili
686 1457 890 1533 perspexerat
907 1446 1013 1512 omnia
1030 1468 1117 1527 cura,

253 1533 286 1599 in
304 1531 445 1597 medium
462 1531 612 1597 discenda
630 1531 740 1608 dabat,
758 1543 929 1616 coetusque
947 1533 1095 1598 silentum

255 1618 402 1701 dictaque
420 1616 590 1693 mirantum
607 1617 717 1719 magni
733 1618 905 1702 primordia
921 1619 1033 1683 mundi

255 1714 288 1768 et
303 1726 408 1769 rerum
426 1725 539 1768 causas
556 1714 603 1780 et,
619 1702 698 1786 qmd
715 1713 843 1778 natura,
862 1702 1009 1780 docebat:

255 1788 333 1873 quid
350 1789 442 1866 deus,
460 1789 545 1853 unde
561 1789 666 1864 nives,
683 1808 767 1872 quae
783 1788 925 1853 fulminis
943 1800 1026 1854 esset
1042 1789 1142 1876 origo,

204 1897 238 1947 πο
254 1873 400 2024 Iuppiter
416 1898 457 1940 an
474 1872 561 1940 venti
578 1873 722 1940 discus'sa
737 1873 823 1939 nube
840 1884 995 1952 tenerent,

255 1980 310 2044 qur
350 1969 494 2043 quateret
510 1970 624 2037 terras,
643 1982 707 2044 qua
723 1959 828 2025 sidera
844 1960 916 2045 lege
934 1972 1086 2037 mearent,

255 2056 288 2111 et
304 2045 527 2130 quodcumque
543 2045 630 2111 latet.
673 2043 858 2131 primusque
875 2045 1024 2111 animalia
1041 2045 1159 2113 mensis

255 2131 360 2216 arguit
376 2126 496 2216 imponi
501 2154 511 2208 ;
528 2130 649 2217 primus
667 2151 795 2215 quoque
812 2130 929 2196 talibus
946 2152 1003 2196 ora

255 2217 348 2283 docta
366 2216 494 2302 quidem
512 2215 620 2294 solvit,
638 2217 695 2283 sed
712 2238 777 2282 non
794 2227 827 2283 et
843 2217 977 2296 credita,
995 2217 1114 2283 verbim

204 2327 236 2376 75
254 2310 265 2340 ⁴
269 2303 403 2389 parcite,
420 2303 584 2380 mortales,
603 2303 738 2389 dapibus
755 2314 910 2369 temerare
927 2302 1072 2369 nefandis

255 2388 400 2474 corpora!
427 2400 503 2454 sunt
519 2387 642 2474 fruges,
661 2400 734 2453 sunt
752 2387 942 2454 deducentia
958 2410 1063 2455 ramos

254 2474 394 2560 pondere
411 2496 507 2559 poma
524 2495 592 2549 suo,
610 2473 815 2557 tumidaeque
831 2473 865 2538 in
883 2473 1000 2539 vitibus
1017 2496 1114 2551 uvae3

255 2571 329 2623 sunt
346 2559 463 2629 herbae
481 2559 604 2635 dulces,
624 2570 698 2623 sunt
715 2578 799 2642 quae
815 2559 979 2625 mitescere
996 2559 1125 2624 flamma

254 2643 431 2727 mollirique
448 2654 576 2728 queant.
619 2665 680 2709 nec
696 2644 788 2709 vobis
804 2645 926 2710 lacteus
943 2666 1035 2710 umor

203 2753 238 2804 80
255 2729 387 2814 eripitur
403 2751 463 2795 nec
479 2729 575 2795 mella
591 2728 694 2815 thymi
711 2730 884 2796 redolentia
900 2730 1021 2796 florem.

254 2815 389 2902 prodiga
405 2811 530 2881 divitias
548 2813 760 2899 alimentaque
777 2815 866 2881 mitia
882 2816 975 2882 tellus

255 2900 398 2987 suggerit
414 2912 510 2985 atque
528 2902 636 2987 epulas
654 2900 723 2967 sine
740 2901 838 2967 caede
855 2912 888 2967 et
905 2900 1059 2987 sanguine
1075 2902 1217 2987 praebet

254 3009 350 3053 carne
366 2986 453 3052 ferae
470 2986 583 3052 sedant
598 2986 730 3052 ieiunia:
748 3008 808 3052 nec
825 2999 931 3052 tamen
948 3008 1067 3052 omnes.

255 3072 373 3158 quippe
391 3093 492 3157 equus
509 3083 541 3137 et
557 3072 696 3157 pecudes
714 3082 918 3156 armentaque
935 3072 1078 3158 gramine
1096 3073 1221 3140 vivunt:

203 3180 237 3231 85
254 3157 419 3242 atquibus
436 3157 600 3243 ingenium
617 3168 666 3223 est
681 3157 978 3242 inmansuetumque
996 3157 1173 3242 ferumque,

254 3243 427 3309 Armeniae
443 3243 542 3329 tigres
558 3241 766 3328 iracundique
783 3243 890 3309 leones

255 3349 391 3413 cumque
407 3328 491 3414 lupis
507 3325 588 3405 ursi,
606 3327 742 3413 dapibus
760 3350 834 3393 cum
850 3327 1006 3414 sanguine
1022 3329 1173 3414 gaudent.

254 3414 317 3479 heu
335 3425 489 3499 quantum
507 3415 609 3480 scelus
627 3424 690 3491 est,
707 3413 741 3477 in
758 3414 880 3479 viscera
897 3414 1019 3480 viscera
1036 3414 1140 3492 condi,

255 3511 470 3586 congestoque
487 3499 616 3564 avidum
632 3498 840 3585 pinguescere
858 3520 989 3583 corpore
1007 3520 1132 3585 corpus,

207 3609 239 3658 90
255 3586 447 3686 alteriusque
464 3585 656 3650 animantem
674 3584 842 3648 animantis
859 3583 966 3650 vivere
983 3584 1061 3650 letol

254 3670 372 3737 seilicet
388 3694 422 3737 m
439 3671 535 3735 tantis
552 3669 680 3755 opibus,
698 3690 777 3754 quas
794 3668 915 3755 optima
930 3682 1068 3736 matrum

254 3768 339 3822 terra
355 3766 455 3833 creat,
472 3754 518 3820 nil
535 3766 567 3821 te
582 3754 644 3819 nisi
661 3754 763 3819 tristia
778 3755 928 3821 mandere
945 3777 1042 3821 saevo

254 3842 384 3905 vulnera
402 3842 495 3906 dente
512 3841 602 3905 iuvat
617 3839 760 3925 ritusque
776 3840 894 3906 referre
912 3838 1110 3927 Cyclopum?

254 3946 327 4000 nee,
344 3925 406 3989 nisi
422 3925 596 4011 perdideris
614 3926 726 4000 alium,
744 3925 871 4010 placare
888 3926 1011 3991 voracis

205 4030 237 4080 95
255 4020 288 4073 et
304 4009 386 4074 male
404 4009 517 4074 morati
533 4011 650 4096 poteris
666 4009 786 4076 ieiunia
802 4010 940 4078 ventris?

255 4103 288 4161 at
305 4102 396 4159 vetus
412 4093 468 4159 illa
484 4105 587 4174 aetas,
603 4095 656 4162 cui
671 4095 807 4165 fecimus
823 4119 920 4164 aurea
936 4119 1063 4179 nomen,
