2800 4500
271 255 336 324 216
439 278 442 289 '
604 269 639 324 P.
658 268 784 326 OVIDII
800 267 964 327 NASONIS

221 444 225 459 r
246 456 248 461 ,
272 393 358 459 mille
374 401 462 479 patet
477 391 596 478 plagis,
613 414 717 457 novus
734 403 781 458 est
799 414 962 458 successor
978 391 1153 459 habendus.

206 498 255 549 120
272 479 409 563 denique
425 513 469 525 -
485 478 563 560 quid
580 477 686 545 verbis
704 499 785 562 opus
802 478 868 543 est?
884 513 928 525 —
944 490 1123 564 spectemur
1140 477 1276 566 agendol

272 588 362 629 arma
377 563 438 628 viri
454 562 544 628 fortis
562 563 682 628 medios
698 562 864 628 mittantur
880 562 914 627 in
931 562 1052 629 hostes:

271 649 346 715 inde
363 648 470 714 iubete
509 647 552 714 eti
569 660 602 712 et
618 648 807 714 referentem
825 661 935 714 ornate
951 648 1086 714 relatisl'

313 735 456 800 Finierat
503 733 646 800 elamone
663 744 766 809 satus,
784 734 936 819 vulgique
953 746 1098 800 secutum

271 820 384 885 ultima
401 841 545 884 murmur
562 831 629 884 erat
634 843 644 896 3
662 819 764 884 donec
781 818 930 885 Laertius
947 820 1040 886 heros

205 926 254 976 125
272 905 370 971 astitit
386 915 482 989 atque
499 905 608 969 oculos
625 905 757 991 paulum
773 905 886 970 tellure
902 915 1040 970 moratos

271 990 399 1056 sustulit
416 990 458 1054 ad
475 1011 621 1075 proceres
639 1001 869 1075 expectatoque
885 991 1016 1056 resolvit

271 1098 328 1142 ora
345 1098 437 1153 sono;
454 1097 560 1159 neque
577 1075 669 1141 abest
685 1076 831 1141 facundis
848 1076 951 1162 gratia
968 1076 1073 1141 dictis:

314 1160 368 1229 ‘Si
384 1184 456 1228 mea
473 1183 547 1227 cum
563 1159 677 1227 vestris
695 1161 869 1227 valuissent
886 1174 960 1227 vota
965 1209 974 1240 ,
992 1161 1132 1247 Pelasgi,

219 1296 222 1309 .
271 1260 336 1313 non
352 1247 435 1312 foret
452 1246 622 1347 ambiguus
639 1246 720 1312 tanti
737 1247 916 1313 certaminis
932 1248 1034 1322 heres,

205 1353 255 1404 130
272 1346 370 1417 tuque
388 1331 451 1398 tuis
468 1354 579 1409 armrs,
597 1354 654 1397 nos
672 1343 704 1398 te
721 1343 913 1418 poteremur,
931 1332 1067 1398 Achille.

272 1441 368 1502 quem
385 1417 535 1502 quoniam
551 1438 617 1483 non
634 1439 737 1502 acqua
753 1417 831 1482 mihi
848 1417 1002 1501 vobisque
1019 1428 1176 1504 negarunt
1219 1445 1221 1448 ’

270 1503 358 1580 fata‚'
375 1539 419 1550 —
434 1525 594 1588 manuque
612 1503 706 1568 simul
723 1503 822 1568 veluti
837 1503 1034 1569 lacrimantia
1051 1504 1139 1569 tersit

270 1589 392 1655 lumina
407 1625 451 1636 —
469 1588 554 1673 ‘quis
572 1610 689 1674 magno
706 1589 820 1654 melius
837 1588 988 1654 succedat
1004 1589 1133 1665 Achilli,

272 1697 370 1758 quam
386 1696 445 1759 per
461 1695 558 1759 quem
575 1696 711 1760 magnus
728 1672 853 1739 Danais
870 1674 1022 1740 successit
1039 1674 1201 1740 Achilles?

205 1781 254 1832 135
271 1760 347 1825 huic
364 1759 459 1824 modo
476 1782 517 1826 ne
533 1760 646 1845 prosit,
664 1760 766 1843 quod,
784 1759 831 1824 uti
848 1770 910 1836 est,
926 1760 1024 1826 hebes
1042 1783 1112 1826 esse
1129 1760 1263 1839 videtur,

271 1868 352 1911 neve
369 1843 448 1910 mihi
463 1856 592 1921 noceat,
609 1845 696 1928 quod
713 1844 805 1910 vobis
823 1868 957 1931 semper,
974 1846 1102 1922 Achivi,
1179 1894 1181 1901 .

271 1930 404 2018 profuit,
421 1929 585 2017 ingenium
590 1955 600 2008 ;
617 1952 753 2015 meaque
769 1930 850 1996 haec
866 1930 1029 2008 facundia,
1047 1931 1075 1996 si
1091 1953 1156 2014 qua
1172 1942 1230 2008 est,

271 2038 354 2101 quae
371 2038 457 2082 nunc
473 2038 531 2101 pro
549 2016 688 2095 domino,
705 2038 764 2103 pro
781 2016 872 2082 vobis
890 2039 985 2104 saepe
1002 2019 1108 2082 locuta
1125 2028 1183 2094 est,

221 2147 224 2153 f
270 2102 391 2167 invidia
408 2112 523 2168 careat.
540 2137 585 2150 -
603 2102 686 2168 bona
702 2124 763 2169 nec
780 2125 838 2168 sua
855 2102 990 2187 quisque
1006 2114 1141 2168 recuset.

205 2209 254 2261 140
269 2212 345 2254 nam
362 2210 465 2276 genus
483 2200 514 2255 et
530 2209 666 2275 proavos
684 2198 815 2274 atquae
832 2209 897 2254 non
914 2186 1047 2256 fecimus
1064 2187 1136 2275 ipsi,

271 2275 326 2340 vix
343 2297 382 2339 ea
398 2285 507 2340 nostra
523 2296 614 2341 voco.
656 2274 714 2341 sed
731 2276 830 2353 enim,
848 2274 924 2359 quia
939 2275 1060 2340 rettulit
1076 2275 1162 2339 Aiax

271 2383 341 2427 esse
358 2360 445 2425 Iovis
462 2381 634 2460 pronepos:
652 2360 752 2425 nostri
769 2382 897 2445 quoque
914 2360 1077 2447 sanguinis
1094 2371 1205 2425 auctor

270 2445 417 2531 Iuppiter
434 2457 496 2523 est,
513 2444 709 2529 totidemque
725 2446 844 2530 gradus
863 2445 1017 2511 distamus
1034 2445 1157 2510 abillo.

270 2554 345 2595 nam
362 2530 441 2594 mihi
457 2530 591 2597 Laertes
607 2541 700 2618 pater
716 2542 778 2607 est,
796 2531 948 2596 Arcesius
965 2531 1021 2610 illi,

204 2615 521 2701 1451uppiterhuic:
543 2637 648 2700 neque
669 2616 703 2680 in
719 2615 770 2680 his
787 2616 956 2701 quisquam
974 2617 1141 2681 damnatus
1158 2626 1190 2682 et
1208 2618 1293 2683 exul.
1362 2635 1365 2638 ’

270 2713 319 2768 est
336 2722 463 2785 quoque
479 2722 537 2787 per
553 2714 686 2767 matrem
704 2699 870 2785 Cyllenius
886 2702 995 2768 addita
1010 2703 1102 2767 nobis

270 2787 370 2852 altera
386 2786 543 2852 nobilitas.
586 2787 665 2853 deus
683 2787 782 2852 estin
800 2798 934 2873 utroque
951 2799 1093 2888 parente.

270 2872 328 2938 sed
344 2893 448 2955 neque
464 2883 606 2938 materno
624 2874 711 2957 quod
729 2896 800 2940 sum
817 2895 1000 2958 generosior
1016 2884 1097 2949 ortu,
1211 2881 1217 2892 ’

269 2979 330 3023 nec
346 2957 425 3022 mihi
441 2958 528 3043 quod
545 2970 635 3044 pater
652 2970 700 3023 est
717 2959 847 3024 fraterni
864 2958 1026 3060 sanguinis
1043 2960 1161 3037 insons,

204 3066 253 3116 150
270 3044 432 3129 proposita
449 3066 538 3108 arma
554 3054 641 3129 peto:
659 3044 779 3110 meritis
797 3045 966 3130 expendite
983 3066 1133 3120 causam„

270 3128 452 3206 dummodo,
470 3130 557 3213 quod
573 3128 686 3194 fratres
704 3129 860 3194 Telamon
876 3130 1057 3213 Peleusque
1074 3130 1212 3205 fuerunt,

268 3214 380 3279 Aiacis
398 3214 544 3299 meritum
562 3236 627 3279 non
645 3216 684 3280 sit
711 3236 771 3280 neo
794 3214 957 3300 sanguinis
974 3216 1063 3279 ordo:

269 3300 327 3365 sed
344 3299 468 3364 virtutis
485 3299 587 3365 honor
604 3301 712 3385 spoliis
729 3312 900 3383 quaeratur
916 3300 950 3364 in
965 3300 1045 3365 istis.

269 3396 325 3450 aut
342 3386 369 3450 si
385 3385 569 3471 proximitas
586 3386 771 3471 primusque
787 3385 957 3469 requiritur
974 3387 1075 3462 heres,

203 3492 252 3542 155
270 3482 318 3535 est
334 3470 459 3556 genitor
475 3470 607 3547 Peleus,
626 3482 674 3535 est
690 3470 835 3555 Pyrrhus
851 3470 935 3535 filius
952 3471 1007 3537 illi

270 3556 341 3639 quis
358 3557 447 3621 locus
464 3556 577 3621 Aiaci?
602 3554 753 3620 Phthiam
771 3556 850 3621 haee
868 3555 1046 3641 Scyrumve
1062 3556 1214 3622 ferantur.

268 3663 329 3706 nec
345 3641 450 3706 minus
468 3652 516 3706 est
531 3641 593 3706 isto
610 3642 735 3707 Teucer
752 3641 902 3727 patruelis
920 3642 1053 3707 Achilli:

270 3749 348 3791 num
365 3727 444 3811 petit
460 3727 513 3793 ille
531 3727 656 3792 tamen?
673 3750 751 3791 num
769 3726 796 3790 si
812 3738 913 3811 petat,
931 3727 1056 3792 auferat
1071 3728 1144 3792 illa?
1161 3763 1205 3776 -

203 3855 208 3878 1
270 3834 346 3898 ergo
364 3834 494 3897 operum
512 3812 663 3897 quoniam
679 3812 802 3877 nudum
819 3824 977 3878 certamen
994 3813 1142 3878 habetur:

202 3917 252 3967 111
269 3898 361 3982 plura
378 3897 507 3981 quidem
524 3897 601 3974 feci,
618 3919 716 3982 quam
734 3920 816 3981 quae
833 3898 1058 3984 comprendere
1076 3898 1168 3963 dictis

267 3983 302 4046 in
318 3992 468 4081 promptu
485 3982 563 4047 mihi
580 3983 630 4047 sit.
673 4006 779 4049 rerum
796 3993 902 4049 tamen
919 3984 1028 4049 ordine
1045 3984 1154 4049 ducar.

268 4086 411 4154 praescia
427 4068 552 4135 venturi
568 4068 714 4156 genetrix
730 4068 847 4136 Nereia
862 4067 918 4138 leti
