2800 4500
233 272 275 341 16
564 284 598 342 Ρ.
617 282 742 343 OVIDII
757 281 921 343 NASONIS

166 433 216 486 656
234 419 300 479 ‘me
316 409 494 478 miseruml’
513 410 669 477 exclamat
685 420 776 498 pater
791 408 947 487 Inachus,
964 407 1061 494 inque
1077 402 1232 495 gementis

235 498 383 565 cornibus
401 511 434 565 66
449 497 561 563 niveae
578 496 721 582 pendens
738 496 860 562 cervice
875 494 1029 561 iuvencae

235 592 301 651 ‘me
317 582 496 649 miseruml’
514 581 699 668 ingeminat,
718 588 808 647 ‘tune
826 603 875 657 es,
893 581 1038 666 quaesita
1053 601 1111 666 per
1128 598 1237 643 omnes

234 682 310 737 nata
326 668 404 734 mihi
415 667 539 735 terras?
555 680 590 732 tu
607 688 672 732 non
688 667 818 733 inventa
834 676 960 752 reperta

164 815 167 819 .
234 757 339 823 luctus
357 777 427 821 eras
444 754 552 820 levior.
595 754 709 819 retices
725 773 786 818 nec
802 764 914 817 mutua
930 751 1044 816 nostris

167 858 216 908 655
236 842 319 907 dicta
334 841 434 907 refers
439 863 449 918 3
467 840 531 905 alto
548 850 673 904 tantum
690 838 826 924 suspiria
843 837 933 902 ducis

235 937 376 1014 pectore,
394 926 545 1011 quodque
561 947 662 989 unum
677 934 784 1010 potes,
802 923 844 988 ad
861 945 933 989 mea
948 923 1047 989 verba
1063 919 1213 1007 remugis.

235 1024 269 1079 at
285 1012 343 1078 tibi
360 1033 420 1099 ego
437 1011 567 1098 ignarus
583 1009 740 1075 thalamos
756 1009 928 1095 taedasque
945 1009 1107 1095 parabam,

236 1122 251 1164 s
275 1119 372 1183 esque
389 1097 450 1162 fuit
466 1095 575 1184 generi
592 1095 670 1160 mihi
684 1095 802 1182 prima,
820 1094 960 1161 secunda
975 1104 1137 1180 nepotum.

258 1207 276 1250 e
293 1204 392 1284 grege
409 1204 495 1248 nunc
510 1181 569 1247 tibi
586 1181 645 1258 vir,
661 1202 748 1247 nunc
765 1180 805 1246 de
821 1202 920 1330 grege
936 1189 1030 1245 natus
1046 1174 1227 1244 habendusl

125 1311 127 1316 Δ
168 1287 219 1338 666
236 1292 296 1335 666
313 1269 403 1334 fimre
419 1269 494 1334 licet
509 1278 613 1332 tantos
630 1266 708 1332 mihi
724 1277 826 1332 morte
843 1265 884 1331 do
897 1288 982 1343 ores3

236 1356 293 1421 sed
309 1365 418 1432 nocet,
436 1376 505 1420 esse
522 1353 632 1428 deum,
649 1352 877 1438 praeclusaque
893 1352 990 1416 ianua
1005 1349 1062 1417 leti

236 1451 400 1507 aeternum
416 1451 540 1505 nostms
556 1439 661 1503 luctus
679 1437 820 1503 extendit
835 1438 869 1502 in
887 1436 1022 1502 aevum?

237 1527 314 1591 talia
329 1535 522 1592 maerentem
540 1525 682 1591 stellatus
700 1533 879 1589 summovet
895 1523 1016 1609 Argus,

238 1623 442 1698 ereptamque
459 1610 542 1696 patri
560 1609 685 1674 diversa
701 1608 735 1674 in
752 1630 871 1695 pascua
887 1619 996 1674 natam

170 1717 220 1767 665
238 1696 406 1763 abstrahit:
429 1699 497 1784 ipse
514 1695 625 1781 procul
641 1694 758 1759 montis
775 1695 910 1759 sublime
927 1715 1080 1759 cacumen

238 1792 389 1868 occupat,
406 1782 492 1847 unde
509 1781 622 1848 sedens
640 1791 746 1866 partes
764 1781 945 1866 speculatur
960 1779 994 1843 in
1011 1799 1131 1844 omnes.

280 1869 312 1933 N
313 1890 350 1933 66
367 1888 516 1953 superum
534 1878 637 1934 rector
653 1866 739 1931 mala
755 1875 843 1931 tanta
859 1864 1057 1931 Phoronidos
1074 1860 1158 1928 ultra
1247 1900 1249 1904 ,

238 1955 321 2019 ferre
337 1963 454 2039 potest,
471 1963 645 2036 natumque
661 1961 769 2029 vocat,
787 1972 883 2035 quem
898 1949 1005 2015 lucida
1021 1958 1115 2035 partu

238 2038 345 2105 Pleias
363 2039 457 2105 enixa
473 2048 535 2117 666,
554 2038 679 2122 letoque
697 2037 765 2115 det,
783 2038 933 2123 imperat,
951 2036 1089 2120 Argum.

172 2144 222 2193 676
238 2147 338 2210 parva
354 2146 444 2189 mora
459 2135 521 2202 est,
539 2125 606 2188 alas
623 2122 758 2209 pedibus
775 2123 961 2208 virgamque
976 2119 1098 2208 potenti

241 2209 443 2277 somniferam
460 2209 631 2296 sumpsisse
649 2231 746 2274 manu
773 2210 977 2295 tegimenque
995 2206 1126 2292 capillis.

239 2297 319 2363 haec
336 2296 392 2362 ubi
409 2296 578 2382 disposuit,
596 2296 698 2396 patria
715 2295 793 2359 Iove
809 2306 903 2359 natus
921 2293 963 2359 ab
980 2314 1052 2358 arce

240 2382 344 2448 desilit
360 2381 394 2446 in
411 2392 520 2447 terras.
563 2381 639 2446 ilhc
654 2380 858 2468 tegimenque
875 2378 1008 2445 removit

240 2479 273 2533 66
288 2465 396 2552 posuit
412 2488 547 2553 pennas:
566 2464 784 2531 tantummodo
801 2466 892 2551 virga
908 2474 1031 2531 retenta
1047 2472 1104 2529 est.

172 2573 222 2622 665
241 2553 302 2617 hac
319 2551 387 2638 agit
402 2562 439 2617 ut
455 2563 562 2638 pastor
578 2574 637 2636 per
653 2550 747 2616 devia
763 2572 837 2615 rura
854 2551 1000 2636 capellas,

241 2638 318 2702 dum
335 2636 437 2716 venit,
454 2637 622 2714 adductas,
640 2646 672 2702 et
689 2636 814 2702 structis
832 2647 939 2701 cantat
956 2635 1073 2701 avenis.

241 2745 319 2788 voce
336 2744 421 2787 nova
437 2733 548 2871 captus
565 2732 671 2786 custos
687 2721 843 2786 Iunonius
860 2728 909 2786 ‘at
924 2732 971 2799 tu,

241 2808 384 2893 quisquis
401 2831 450 2884 es,
491 2829 529 2873 66
545 2819 670 2893 poteras
687 2829 814 2872 mecum
831 2806 994 2872 considere
1011 2803 1103 2871 saxo'

217 2945 219 2948 v
241 2894 291 2958 Ar
336 2916 351 2959 s
369 2893 427 2972 ait,
446 2900 563 2978 ‘neque
581 2894 665 2959 anim
682 2893 789 2979 pecori
805 2892 971 2958 fecundior
986 2891 1051 2956 ullo

174 2998 223 3049 666
240 2979 298 3044 her
321 2977 426 3045 aloco
443 2989 505 3055 666,
524 2990 694 3064 aptamque
711 2978 799 3044 vides
817 2978 995 3064 pastoribus
1012 2975 1178 3041 umbram?

241 3063 323 3129 sedit
338 3064 540 3130 Atlantiades
558 3075 590 3129 66
608 3076 736 3130 666666
752 3064 853 3129 multa
869 3062 1028 3147 loquendo

241 3148 375 3215 detinuit
391 3171 536 3215 sermone
553 3149 652 3226 diem,
669 3149 847 3234 iunctisque
864 3147 1006 3214 canendo

241 3234 368 3301 vincere
385 3234 614 3301 harundinibus
632 3234 790 3300 servantia
806 3234 926 3299 lumina
944 3243 1085 3321 temptat.

241 3320 294 3385 ille
312 3331 418 3387 tamen
435 3331 558 3407 pugnat
575 3320 685 3386 molles
702 3321 847 3387 evincere
865 3341 992 3385 somnos

175 3424 223 3475 665
242 3416 288 3482 66,
306 3406 450 3489 quamvis
468 3427 563 3493 sopor
580 3416 628 3470 est
645 3406 807 3471 oculorum
824 3417 914 3492 parte
930 3414 1086 3490 receptus,

242 3500 331 3575 parte
348 3501 454 3557 tamen
471 3492 591 3577 vigilat.
636 3492 760 3575 quaerit
776 3512 902 3575 quoque
919 3489 1072 3574 (namque
1088 3499 1214 3577 reperta
1254 3513 1259 3530 ..

241 3575 347 3641 fistula
363 3599 465 3663 nuper
481 3577 573 3662 erat),
591 3598 655 3661 qua
671 3577 713 3641 sit
728 3577 849 3642 ratione
865 3588 1000 3661 reperta.
1325 3641 1327 3644 .

242 3671 310 3725 tum
327 3660 406 3726 deus
423 3662 593 3727 ‘Arcadiae
609 3662 723 3748 gelidis
740 3663 773 3726 in
790 3662 964 3727 montibus'
981 3660 1083 3744 inquit
1136 3675 1261 3745 (Syram.)

243 3744 337 3811 ‘inter
354 3747 597 3832 Hamadryadas
615 3748 819 3813 celeberrima
835 3747 1032 3812 Nonacrinas

174 3848 225 3900 696
242 3829 341 3894 Naias
358 3851 422 3896 una
439 3832 514 3911 fuit3
531 3833 690 3920 nymphae
709 3831 805 3918 Syrin
829 3856 849 3897 a
864 3832 1031 3898 vocabant

242 3935 306 3980 666
323 3915 420 3982 semel
438 3928 470 3982 ct
487 3914 620 4004 Satyros
637 3919 774 3984 eluserat
790 3855 845 3983 illa
862 3928 1039 4002 sequentes,

242 4010 274 4066 et
290 4022 507 4089 quoscumque
525 4004 601 4070 deos
617 4002 808 4069 umbrosave
826 4003 905 4068 silva
920 4002 1051 4068 leraxve

241 4108 295 4154 rus
312 4087 417 4155 habet.
462 4086 631 4177 Ortygiam
649 4088 762 4157 studiis
779 4088 912 4176 ipsaque
930 4087 1054 4155 colebat
1159 4128 1161 4131 -
1257 4116 1261 4126 ·
