<?xml version="1.0" encoding="UTF-8"?>
<!DOCTYPE html PUBLIC "-//W3C//DTD XHTML 1.0 Transitional//EN"
    "http://www.w3.org/TR/xhtml1/DTD/xhtml1-transitional.dtd">
<html xmlns="http://www.w3.org/1999/xhtml" xml:lang="en" lang="en">
 <head>
  <title>
</title>
<meta http-equiv="Content-Type" content="text/html;charset=utf-8" />
  <meta name='ocr-system' content='tesseract 3.04.00' />
  <meta name='ocr-capabilities' content='ocr_page ocr_carea ocr_par ocr_line ocrx_word'/>
</head>
<body>
  <div class='ocr_page' id='page_1' title='image "./povidiinasonisc00unkngoog_0206.png"; bbox 0 0 2800 4500; ppageno 0'>
   <div class='ocr_carea' id='block_1_1' title="bbox 239 231 945 302">
    <p class='ocr_par' dir='ltr' id='par_1_1' title="bbox 239 231 945 302">
     <span class='ocr_line' id='line_1_1' title="bbox 239 231 945 302; baseline 0.01 -6"><span class='ocrx_word' id='word_1_1' title='bbox 239 231 300 298; x_wconf 84' lang='grc'><strong>136</strong></span> <span class='ocrx_word' id='word_1_2' title='bbox 409 253 414 259; x_wconf 83' lang='grc'><em>’</em></span> <span class='ocrx_word' id='word_1_3' title='bbox 571 243 605 300; x_wconf 84' lang='grc' dir='ltr'><strong>Ρ.</strong></span> <span class='ocrx_word' id='word_1_4' title='bbox 624 244 749 301; x_wconf 89' lang='lat' dir='ltr'>OVIDII</span> <span class='ocrx_word' id='word_1_5' title='bbox 765 243 945 302; x_wconf 74' lang='lat' dir='ltr'><strong>NASONIS·</strong></span> 
     </span>
    </p>
   </div>
   <div class='ocr_carea' id='block_1_2' title="bbox 153 367 1177 2251">
    <p class='ocr_par' dir='ltr' id='par_1_2' title="bbox 236 367 1123 711">
     <span class='ocr_line' id='line_1_2' title="bbox 237 367 1123 470; baseline 0.003 -36"><span class='ocrx_word' id='word_1_6' title='bbox 237 367 335 454; x_wconf 88' lang='lat' dir='ltr'><strong>stipes</strong></span> <span class='ocrx_word' id='word_1_7' title='bbox 352 377 433 444; x_wconf 86' lang='lat' dir='ltr'><strong>crat,</strong></span> <span class='ocrx_word' id='word_1_8' title='bbox 451 384 561 452; x_wconf 88' lang='lat' dir='ltr'><strong>quem,</strong></span> <span class='ocrx_word' id='word_1_9' title='bbox 580 390 653 434; x_wconf 90' lang='lat' dir='ltr'><strong>cum</strong></span> <span class='ocrx_word' id='word_1_10' title='bbox 670 379 781 470; x_wconf 83' lang='lat' dir='ltr'><strong>partus</strong></span> <span class='ocrx_word' id='word_1_11' title='bbox 799 368 892 433; x_wconf 83' lang='lat' dir='ltr'><strong>enixa</strong></span> <span class='ocrx_word' id='word_1_12' title='bbox 908 368 1026 434; x_wconf 88' lang='lat' dir='ltr'><strong>iaceret</strong></span> <span class='ocrx_word' id='word_1_13' title='bbox 1121 434 1123 437; x_wconf 84' lang='grc'><em>,</em></span> 
     </span>
     <span class='ocr_line' id='line_1_3' title="bbox 236 453 1088 539; baseline -0.002 -19"><span class='ocrx_word' id='word_1_14' title='bbox 236 453 399 531; x_wconf 77' lang='lat' dir='ltr'><strong>Thestias,</strong></span> <span class='ocrx_word' id='word_1_15' title='bbox 416 455 449 519; x_wconf 91' lang='lat' dir='ltr'><strong>in</strong></span> <span class='ocrx_word' id='word_1_16' title='bbox 467 455 626 521; x_wconf 88' lang='lat' dir='ltr'><strong>flammam</strong></span> <span class='ocrx_word' id='word_1_17' title='bbox 643 453 782 539; x_wconf 79' lang='lat' dir='ltr'><strong>triplices</strong></span> <span class='ocrx_word' id='word_1_18' title='bbox 822 475 933 520; x_wconf 89' lang='lat' dir='ltr'><strong>osuere</strong></span> <span class='ocrx_word' id='word_1_19' title='bbox 951 475 1088 531; x_wconf 63' lang='lat' dir='ltr'><strong>sororem</strong></span> 
     </span>
     <span class='ocr_line' id='line_1_4' title="bbox 236 475 988 625; baseline 0 -20"><span class='ocrx_word' id='word_1_20' title='bbox 236 538 435 624; x_wconf 73' lang='lat' dir='ltr'><strong>staminaque</strong></span> <span class='ocrx_word' id='word_1_21' title='bbox 451 540 603 625; x_wconf 88' lang='lat' dir='ltr'><strong>impresso</strong></span> <span class='ocrx_word' id='word_1_22' title='bbox 621 539 731 604; x_wconf 85' lang='lat' dir='ltr'><strong>fatalia</strong></span> <span class='ocrx_word' id='word_1_23' title='bbox 747 475 860 624; x_wconf 85' lang='lat' dir='ltr'><strong>pollice</strong></span> <span class='ocrx_word' id='word_1_24' title='bbox 877 550 988 605; x_wconf 77' lang='lat' dir='ltr'><strong>nentes</strong></span> 
     </span>
     <span class='ocr_line' id='line_1_5' title="bbox 237 624 1034 711; baseline 0 -21"><span class='ocrx_word' id='word_1_25' title='bbox 237 625 407 711; x_wconf 84' lang='lat' dir='ltr'><strong>‘tempora&#39;</strong></span> <span class='ocrx_word' id='word_1_26' title='bbox 426 625 573 689; x_wconf 86' lang='lat' dir='ltr'><strong>dixerunt</strong></span> <span class='ocrx_word' id='word_1_27' title='bbox 590 624 718 690; x_wconf 87' lang='lat' dir='ltr'><strong>‘eudem</strong></span> <span class='ocrx_word' id='word_1_28' title='bbox 734 624 886 710; x_wconf 86' lang='lat' dir='ltr'><strong>lignoque</strong></span> <span class='ocrx_word' id='word_1_29' title='bbox 902 624 1034 709; x_wconf 89' lang='lat' dir='ltr'><strong>tibique,</strong></span> 
     </span>
    </p>

    <p class='ocr_par' dir='ltr' id='par_1_3' title="bbox 168 709 1177 1136">
     <span class='ocr_line' id='line_1_6' title="bbox 168 709 1177 795; baseline -0.004 -15"><span class='ocrx_word' id='word_1_30' title='bbox 168 730 219 780; x_wconf 81' lang='grc'><strong>455</strong></span> <span class='ocrx_word' id='word_1_31' title='bbox 237 732 256 775; x_wconf 93' lang='lat'>0</span> <span class='ocrx_word' id='word_1_32' title='bbox 274 710 369 774; x_wconf 90' lang='lat' dir='ltr'><strong>modo</strong></span> <span class='ocrx_word' id='word_1_33' title='bbox 386 722 475 788; x_wconf 88' lang='lat' dir='ltr'><strong>uate,</strong></span> <span class='ocrx_word' id='word_1_34' title='bbox 494 710 625 775; x_wconf 64' lang='lat' dir='ltr'><strong>damus?</strong></span> <span class='ocrx_word' id='word_1_35' title='bbox 669 731 734 795; x_wconf 91' lang='lat' dir='ltr'><strong>quo</strong></span> <span class='ocrx_word' id='word_1_36' title='bbox 750 720 920 795; x_wconf 86' lang='lat' dir='ltr'><strong>postquam</strong></span> <span class='ocrx_word' id='word_1_37' title='bbox 936 710 1075 776; x_wconf 87' lang='lat' dir='ltr'><strong>carmina</strong></span> <span class='ocrx_word' id='word_1_38' title='bbox 1092 709 1177 776; x_wconf 87' lang='lat' dir='ltr'><strong>dicto</strong></span> 
     </span>
     <span class='ocr_line' id='line_1_7' title="bbox 237 795 983 881; baseline -0.001 -18"><span class='ocrx_word' id='word_1_39' title='bbox 237 818 400 863; x_wconf 83' lang='lat' dir='ltr'><strong>excessere</strong></span> <span class='ocrx_word' id='word_1_40' title='bbox 418 795 510 874; x_wconf 88' lang='lat' dir='ltr'><strong>deae,</strong></span> <span class='ocrx_word' id='word_1_41' title='bbox 527 796 714 881; x_wconf 89' lang='lat' dir='ltr'><strong>fiagrantem</strong></span> <span class='ocrx_word' id='word_1_42' title='bbox 732 806 834 860; x_wconf 86' lang='lat' dir='ltr'><strong>mater</strong></span> <span class='ocrx_word' id='word_1_43' title='bbox 850 795 983 881; x_wconf 83' lang='lat' dir='ltr'><strong>abigne</strong></span> 
     </span>
     <span class='ocr_line' id='line_1_8' title="bbox 237 879 1019 967; baseline 0 -20"><span class='ocrx_word' id='word_1_44' title='bbox 237 881 353 967; x_wconf 87' lang='lat' dir='ltr'><strong>eripuit</strong></span> <span class='ocrx_word' id='word_1_45' title='bbox 368 904 493 946; x_wconf 91' lang='lat' dir='ltr'><strong>ramum</strong></span> <span class='ocrx_word' id='word_1_46' title='bbox 510 880 687 966; x_wconf 87' lang='lat' dir='ltr'><strong>sparsitque</strong></span> <span class='ocrx_word' id='word_1_47' title='bbox 702 879 897 964; x_wconf 80' lang='lat' dir='ltr'><strong>liquentibus</strong></span> <span class='ocrx_word' id='word_1_48' title='bbox 914 879 1019 947; x_wconf 87' lang='lat' dir='ltr'><strong>undis.</strong></span> 
     </span>
     <span class='ocr_line' id='line_1_9' title="bbox 236 965 959 1052; baseline -0.001 -20"><span class='ocrx_word' id='word_1_49' title='bbox 236 966 290 1032; x_wconf 90' lang='lat' dir='ltr'><strong>ille</strong></span> <span class='ocrx_word' id='word_1_50' title='bbox 308 966 363 1031; x_wconf 91' lang='lat' dir='ltr'><strong>diu</strong></span> <span class='ocrx_word' id='word_1_51' title='bbox 380 967 484 1032; x_wconf 83' lang='lat' dir='ltr'><strong>fuerat</strong></span> <span class='ocrx_word' id='word_1_52' title='bbox 501 966 715 1052; x_wconf 81' lang='lat' dir='ltr'><strong>penetralibus</strong></span> <span class='ocrx_word' id='word_1_53' title='bbox 733 965 860 1031; x_wconf 88' lang='lat' dir='ltr'><strong>abditus</strong></span> <span class='ocrx_word' id='word_1_54' title='bbox 876 966 959 1044; x_wconf 88' lang='lat' dir='ltr'><strong>imis,</strong></span> 
     </span>
     <span class='ocr_line' id='line_1_10' title="bbox 237 1051 1029 1136; baseline 0 -20"><span class='ocrx_word' id='word_1_55' title='bbox 237 1063 444 1136; x_wconf 87' lang='lat' dir='ltr'><strong>servatusque</strong></span> <span class='ocrx_word' id='word_1_56' title='bbox 461 1064 548 1130; x_wconf 86' lang='lat' dir='ltr'><strong>tuos,</strong></span> <span class='ocrx_word' id='word_1_57' title='bbox 565 1051 705 1129; x_wconf 87' lang='lat' dir='ltr'><strong>iuvenis,</strong></span> <span class='ocrx_word' id='word_1_58' title='bbox 722 1063 903 1118; x_wconf 86' lang='lat' dir='ltr'><strong>servaverat</strong></span> <span class='ocrx_word' id='word_1_59' title='bbox 919 1073 1029 1117; x_wconf 87' lang='lat' dir='ltr'><strong>annos.</strong></span> 
     </span>
    </p>

    <p class='ocr_par' dir='ltr' id='par_1_4' title="bbox 168 1136 1137 1239">
     <span class='ocr_line' id='line_1_11' title="bbox 168 1136 1137 1239; baseline -0.001 -37"><span class='ocrx_word' id='word_1_60' title='bbox 168 1158 220 1209; x_wconf 72' lang='lat'><strong>460</strong></span> <span class='ocrx_word' id='word_1_61' title='bbox 237 1138 368 1239; x_wconf 88' lang='lat' dir='ltr'><strong>protulit</strong></span> <span class='ocrx_word' id='word_1_62' title='bbox 383 1138 468 1203; x_wconf 91' lang='lat' dir='ltr'><strong>hunc</strong></span> <span class='ocrx_word' id='word_1_63' title='bbox 485 1136 630 1224; x_wconf 85' lang='lat' dir='ltr'><strong>genetrix</strong></span> <span class='ocrx_word' id='word_1_64' title='bbox 646 1137 820 1220; x_wconf 86' lang='lat' dir='ltr'><strong>taedasque</strong></span> <span class='ocrx_word' id='word_1_65' title='bbox 838 1148 870 1203; x_wconf 88' lang='lat' dir='ltr'><strong>et</strong></span> <span class='ocrx_word' id='word_1_66' title='bbox 886 1136 1044 1224; x_wconf 79' lang='lat' dir='ltr'><strong>fragmina</strong></span> <span class='ocrx_word' id='word_1_67' title='bbox 1060 1136 1137 1222; x_wconf 87' lang='lat' dir='ltr'><strong>poni</strong></span> 
     </span>
    </p>

    <p class='ocr_par' dir='ltr' id='par_1_5' title="bbox 195 1222 1008 1309">
     <span class='ocr_line' id='line_1_12' title="bbox 195 1222 1008 1309; baseline -0.001 -21"><span class='ocrx_word' id='word_1_68' title='bbox 195 1269 197 1274; x_wconf 86' lang='lat'><em>·</em></span> <span class='ocrx_word' id='word_1_69' title='bbox 236 1233 386 1309; x_wconf 81' lang='lat' dir='ltr'><strong>imperat,</strong></span> <span class='ocrx_word' id='word_1_70' title='bbox 404 1234 436 1289; x_wconf 91' lang='lat' dir='ltr'><strong>et</strong></span> <span class='ocrx_word' id='word_1_71' title='bbox 452 1223 563 1309; x_wconf 88' lang='lat' dir='ltr'><strong>positis</strong></span> <span class='ocrx_word' id='word_1_72' title='bbox 580 1222 724 1288; x_wconf 89' lang='lat' dir='ltr'><strong>inimicos</strong></span> <span class='ocrx_word' id='word_1_73' title='bbox 743 1223 891 1289; x_wconf 84' lang='lat' dir='ltr'><strong>admovet</strong></span> <span class='ocrx_word' id='word_1_74' title='bbox 907 1223 1008 1309; x_wconf 89' lang='lat' dir='ltr'><strong>ignes.</strong></span> 
     </span>
    </p>

    <p class='ocr_par' dir='ltr' id='par_1_6' title="bbox 237 1307 1152 1565">
     <span class='ocr_line' id='line_1_13' title="bbox 237 1307 1047 1394; baseline 0 -21"><span class='ocrx_word' id='word_1_75' title='bbox 237 1319 308 1374; x_wconf 89' lang='lat' dir='ltr'><strong>tum</strong></span> <span class='ocrx_word' id='word_1_76' title='bbox 324 1319 437 1373; x_wconf 89' lang='lat' dir='ltr'><strong>conata</strong></span> <span class='ocrx_word' id='word_1_77' title='bbox 453 1319 566 1393; x_wconf 84' lang='lat' dir='ltr'><strong>quater</strong></span> <span class='ocrx_word' id='word_1_78' title='bbox 582 1307 717 1374; x_wconf 90' lang='lat' dir='ltr'><strong>flammis</strong></span> <span class='ocrx_word' id='word_1_79' title='bbox 734 1307 896 1394; x_wconf 81' lang='lat' dir='ltr'><strong>imponere</strong></span> <span class='ocrx_word' id='word_1_80' title='bbox 913 1331 1047 1384; x_wconf 86' lang='lat' dir='ltr'><strong>ramum,</strong></span> 
     </span>
     <span class='ocr_line' id='line_1_14' title="bbox 238 1393 1152 1481; baseline -0.001 -21"><span class='ocrx_word' id='word_1_81' title='bbox 238 1415 294 1460; x_wconf 91' lang='lat' dir='ltr'><strong>coe</strong></span> <span class='ocrx_word' id='word_1_82' title='bbox 318 1404 351 1459; x_wconf 90' lang='lat' dir='ltr'><strong>ta</strong></span> <span class='ocrx_word' id='word_1_83' title='bbox 367 1406 480 1478; x_wconf 81' lang='lat' dir='ltr'><strong>quater</strong></span> <span class='ocrx_word' id='word_1_84' title='bbox 495 1393 606 1460; x_wconf 85' lang='lat' dir='ltr'><strong>tenuit</strong></span> <span class='ocrx_word' id='word_1_85' title='bbox 648 1416 694 1481; x_wconf 91' lang='lat' dir='ltr'><strong>pu</strong></span> <span class='ocrx_word' id='word_1_86' title='bbox 740 1406 795 1459; x_wconf 85' lang='lat' dir='ltr'><strong>ant</strong></span> <span class='ocrx_word' id='word_1_87' title='bbox 811 1405 975 1478; x_wconf 86' lang='lat' dir='ltr'><strong>materque</strong></span> <span class='ocrx_word' id='word_1_88' title='bbox 992 1414 1152 1478; x_wconf 89' lang='lat' dir='ltr'><strong>sororque,</strong></span> 
     </span>
     <span class='ocr_line' id='line_1_15' title="bbox 238 1478 1038 1565; baseline 0 -20"><span class='ocrx_word' id='word_1_89' title='bbox 238 1491 270 1545; x_wconf 88' lang='lat' dir='ltr'><strong>et</strong></span> <span class='ocrx_word' id='word_1_90' title='bbox 310 1479 412 1545; x_wconf 80' lang='lat' dir='ltr'><strong>&#39;versa</strong></span> <span class='ocrx_word' id='word_1_91' title='bbox 428 1479 557 1545; x_wconf 86' lang='lat' dir='ltr'><strong>trahunt</strong></span> <span class='ocrx_word' id='word_1_92' title='bbox 574 1502 674 1544; x_wconf 90' lang='lat' dir='ltr'><strong>unum</strong></span> <span class='ocrx_word' id='word_1_93' title='bbox 713 1501 756 1545; x_wconf 88' lang='lat' dir='ltr'><strong>uc</strong></span> <span class='ocrx_word' id='word_1_94' title='bbox 772 1478 902 1544; x_wconf 91' lang='lat' dir='ltr'><strong>nomina</strong></span> <span class='ocrx_word' id='word_1_95' title='bbox 918 1490 1038 1565; x_wconf 82' lang='lat' dir='ltr'><strong>pectus.</strong></span> 
     </span>
    </p>

    <p class='ocr_par' dir='ltr' id='par_1_7' title="bbox 169 1564 1107 1906">
     <span class='ocr_line' id='line_1_16' title="bbox 169 1564 962 1651; baseline 0 -21"><span class='ocrx_word' id='word_1_96' title='bbox 169 1586 220 1636; x_wconf 74' lang='lat'><strong>465</strong></span> <span class='ocrx_word' id='word_1_97' title='bbox 238 1587 332 1649; x_wconf 85' lang='lat' dir='ltr'><strong>saepe</strong></span> <span class='ocrx_word' id='word_1_98' title='bbox 348 1576 436 1630; x_wconf 92' lang='lat' dir='ltr'><strong>metu</strong></span> <span class='ocrx_word' id='word_1_99' title='bbox 454 1565 579 1631; x_wconf 87' lang='lat' dir='ltr'><strong>sceleris</strong></span> <span class='ocrx_word' id='word_1_100' title='bbox 597 1564 760 1651; x_wconf 87' lang='lat' dir='ltr'><strong>pallebant</strong></span> <span class='ocrx_word' id='word_1_101' title='bbox 777 1586 832 1630; x_wconf 89' lang='lat' dir='ltr'><strong>ora</strong></span> <span class='ocrx_word' id='word_1_102' title='bbox 849 1564 962 1630; x_wconf 74' lang='lat' dir='ltr'><strong>futurit</strong></span> 
     </span>
     <span class='ocr_line' id='line_1_17' title="bbox 237 1648 1057 1735; baseline 0 -20"><span class='ocrx_word' id='word_1_103' title='bbox 237 1672 333 1735; x_wconf 89' lang='lat' dir='ltr'><strong>saepe</strong></span> <span class='ocrx_word' id='word_1_104' title='bbox 350 1672 444 1715; x_wconf 91' lang='lat' dir='ltr'><strong>suum</strong></span> <span class='ocrx_word' id='word_1_105' title='bbox 461 1648 587 1717; x_wconf 78' lang='lat' dir='ltr'><strong>fervens</strong></span> <span class='ocrx_word' id='word_1_106' title='bbox 605 1650 705 1716; x_wconf 90' lang='lat' dir='ltr'><strong>oculis</strong></span> <span class='ocrx_word' id='word_1_107' title='bbox 723 1650 819 1715; x_wconf 87' lang='lat' dir='ltr'><strong>dabat</strong></span> <span class='ocrx_word' id='word_1_108' title='bbox 834 1650 882 1715; x_wconf 86' lang='lat' dir='ltr'><strong>ira</strong></span> <span class='ocrx_word' id='word_1_109' title='bbox 899 1651 1057 1717; x_wconf 85' lang='lat' dir='ltr'><strong>ruborem.</strong></span> 
     </span>
     <span class='ocr_line' id='line_1_18' title="bbox 238 1728 1022 1820; baseline -0.001 -19"><span class='ocrx_word' id='word_1_110' title='bbox 238 1746 270 1801; x_wconf 89' lang='lat' dir='ltr'><strong>et</strong></span> <span class='ocrx_word' id='word_1_111' title='bbox 286 1736 381 1800; x_wconf 90' lang='lat' dir='ltr'><strong>modo</strong></span> <span class='ocrx_word' id='word_1_112' title='bbox 398 1736 504 1801; x_wconf 90' lang='lat' dir='ltr'><strong>nescio</strong></span> <span class='ocrx_word' id='word_1_113' title='bbox 521 1728 599 1820; x_wconf 79' lang='lat' dir='ltr'><strong>quib</strong></span> <span class='ocrx_word' id='word_1_114' title='bbox 616 1735 727 1801; x_wconf 90' lang='lat' dir='ltr'><strong>similis</strong></span> <span class='ocrx_word' id='word_1_115' title='bbox 744 1735 871 1802; x_wconf 88' lang='lat' dir='ltr'><strong>crudele</strong></span> <span class='ocrx_word' id='word_1_116' title='bbox 889 1735 1022 1801; x_wconf 86' lang='lat' dir='ltr'><strong>minanti</strong></span> 
     </span>
     <span class='ocr_line' id='line_1_19' title="bbox 237 1820 1107 1906; baseline 0 -20"><span class='ocrx_word' id='word_1_117' title='bbox 237 1820 344 1886; x_wconf 82' lang='lat' dir='ltr'><strong>vultus</strong></span> <span class='ocrx_word' id='word_1_118' title='bbox 361 1822 442 1899; x_wconf 85' lang='lat' dir='ltr'><strong>erat,</strong></span> <span class='ocrx_word' id='word_1_119' title='bbox 459 1821 554 1887; x_wconf 88' lang='lat' dir='ltr'><strong>modo</strong></span> <span class='ocrx_word' id='word_1_120' title='bbox 572 1843 668 1906; x_wconf 91' lang='lat' dir='ltr'><strong>quem</strong></span> <span class='ocrx_word' id='word_1_121' title='bbox 684 1821 825 1887; x_wconf 86' lang='lat' dir='ltr'><strong>misereri</strong></span> <span class='ocrx_word' id='word_1_122' title='bbox 843 1821 971 1887; x_wconf 88' lang='lat' dir='ltr'><strong>credere</strong></span> <span class='ocrx_word' id='word_1_123' title='bbox 987 1840 1107 1906; x_wconf 83' lang='lat' dir='ltr'><strong>posses.</strong></span> 
     </span>
    </p>

    <p class='ocr_par' dir='ltr' id='par_1_8' title="bbox 153 1906 1068 1989">
     <span class='ocr_line' id='line_1_20' title="bbox 153 1906 1068 1989; baseline 0.001 -18"><span class='ocrx_word' id='word_1_124' title='bbox 153 1948 158 1957; x_wconf 87' lang='lat'>·</span> <span class='ocrx_word' id='word_1_125' title='bbox 238 1927 375 1989; x_wconf 89' lang='lat' dir='ltr'><strong>cumque</strong></span> <span class='ocrx_word' id='word_1_126' title='bbox 392 1907 479 1973; x_wconf 86' lang='lat' dir='ltr'><strong>ferus</strong></span> <span class='ocrx_word' id='word_1_127' title='bbox 495 1907 642 1972; x_wconf 77' lang='lat' dir='ltr'><strong>lacrimas</strong></span> <span class='ocrx_word' id='word_1_128' title='bbox 659 1906 757 1972; x_wconf 90' lang='lat' dir='ltr'><strong>animi</strong></span> <span class='ocrx_word' id='word_1_129' title='bbox 774 1906 948 1972; x_wconf 82' lang='lat' dir='ltr'><strong>siccaverat</strong></span> <span class='ocrx_word' id='word_1_130' title='bbox 964 1907 1068 1983; x_wconf 87' lang='lat' dir='ltr'><strong>ardor,</strong></span> 
     </span>
    </p>

    <p class='ocr_par' dir='ltr' id='par_1_9' title="bbox 169 1991 1063 2251">
     <span class='ocr_line' id='line_1_21' title="bbox 169 1991 1051 2077; baseline -0.001 -20"><span class='ocrx_word' id='word_1_131' title='bbox 169 2012 220 2064; x_wconf 72' lang='lat' dir='ltr'><strong>tro</strong></span> <span class='ocrx_word' id='word_1_132' title='bbox 237 1991 477 2058; x_wconf 85' lang='lat' dir='ltr'><strong>inveniebantur</strong></span> <span class='ocrx_word' id='word_1_133' title='bbox 493 1993 642 2059; x_wconf 85' lang='lat' dir='ltr'><strong>lacrimae</strong></span> <span class='ocrx_word' id='word_1_134' title='bbox 658 2003 776 2058; x_wconf 83' lang='lat' dir='ltr'><strong>tamen.</strong></span> <span class='ocrx_word' id='word_1_135' title='bbox 818 2004 917 2077; x_wconf 89' lang='lat' dir='ltr'><strong>utque</strong></span> <span class='ocrx_word' id='word_1_136' title='bbox 934 1991 1051 2069; x_wconf 87' lang='lat' dir='ltr'><strong>carina,</strong></span> 
     </span>
     <span class='ocr_line' id='line_1_22' title="bbox 238 2078 1063 2164; baseline 0.001 -23"><span class='ocrx_word' id='word_1_137' title='bbox 238 2100 334 2162; x_wconf 89' lang='lat' dir='ltr'><strong>quam</strong></span> <span class='ocrx_word' id='word_1_138' title='bbox 351 2088 464 2144; x_wconf 88' lang='lat' dir='ltr'><strong>ventus</strong></span> <span class='ocrx_word' id='word_1_139' title='bbox 481 2090 638 2162; x_wconf 88' lang='lat' dir='ltr'><strong>ventoque</strong></span> <span class='ocrx_word' id='word_1_140' title='bbox 655 2079 739 2164; x_wconf 85' lang='lat' dir='ltr'><strong>rapit</strong></span> <span class='ocrx_word' id='word_1_141' title='bbox 754 2078 928 2146; x_wconf 71' lang='lat' dir='ltr'><strong>conburius</strong></span> <span class='ocrx_word' id='word_1_142' title='bbox 946 2088 1063 2155; x_wconf 87' lang='lat' dir='ltr'><strong>aestus,</strong></span> 
     </span>
     <span class='ocr_line' id='line_1_23' title="bbox 237 2163 1054 2251; baseline 0.001 -24"><span class='ocrx_word' id='word_1_143' title='bbox 237 2164 302 2227; x_wconf 89' lang='lat' dir='ltr'><strong>vim</strong></span> <span class='ocrx_word' id='word_1_144' title='bbox 318 2163 478 2250; x_wconf 87' lang='lat' dir='ltr'><strong>geminam</strong></span> <span class='ocrx_word' id='word_1_145' title='bbox 496 2164 592 2230; x_wconf 88' lang='lat' dir='ltr'><strong>sentit</strong></span> <span class='ocrx_word' id='word_1_146' title='bbox 608 2174 761 2251; x_wconf 88' lang='lat' dir='ltr'><strong>paretque</strong></span> <span class='ocrx_word' id='word_1_147' title='bbox 777 2164 898 2229; x_wconf 88' lang='lat' dir='ltr'><strong>incerta</strong></span> <span class='ocrx_word' id='word_1_148' title='bbox 915 2163 1054 2228; x_wconf 76' lang='lat' dir='ltr'><strong>‹luobust</strong></span> 
     </span>
    </p>
   </div>
   <div class='ocr_carea' id='block_1_3' title="bbox 237 2247 1006 2317">
    <p class='ocr_par' dir='ltr' id='par_1_10' title="bbox 237 2247 1006 2317">
     <span class='ocr_line' id='line_1_24' title="bbox 237 2247 1006 2317; baseline 0.001 -3"><span class='ocrx_word' id='word_1_149' title='bbox 237 2247 385 2315; x_wconf 78' lang='lat' dir='ltr'><strong>Thestias</strong></span> <span class='ocrx_word' id='word_1_150' title='bbox 403 2250 490 2315; x_wconf 88' lang='lat' dir='ltr'><strong>haud</strong></span> <span class='ocrx_word' id='word_1_151' title='bbox 507 2251 597 2317; x_wconf 90' lang='lat' dir='ltr'><strong>aliter</strong></span> <span class='ocrx_word' id='word_1_152' title='bbox 614 2250 720 2317; x_wconf 87' lang='lat' dir='ltr'><strong>dubiis</strong></span> <span class='ocrx_word' id='word_1_153' title='bbox 737 2250 905 2316; x_wconf 86' lang='lat' dir='ltr'><strong>affectibus</strong></span> <span class='ocrx_word' id='word_1_154' title='bbox 922 2259 1006 2315; x_wconf 87' lang='lat' dir='ltr'><strong>errat</strong></span> 
     </span>
    </p>
   </div>
   <div class='ocr_carea' id='block_1_4' title="bbox 237 2334 1265 2422">
    <p class='ocr_par' dir='ltr' id='par_1_11' title="bbox 237 2334 1265 2422">
     <span class='ocr_line' id='line_1_25' title="bbox 237 2334 1265 2422; baseline 0.002 -23"><span class='ocrx_word' id='word_1_155' title='bbox 237 2334 334 2418; x_wconf 91' lang='lat' dir='ltr'><strong>inque</strong></span> <span class='ocrx_word' id='word_1_156' title='bbox 351 2335 437 2401; x_wconf 86' lang='lat' dir='ltr'><strong>vices</strong></span> <span class='ocrx_word' id='word_1_157' title='bbox 454 2336 543 2421; x_wconf 87' lang='lat' dir='ltr'><strong>ponit</strong></span> <span class='ocrx_word' id='word_1_158' title='bbox 560 2336 758 2422; x_wconf 86' lang='lat' dir='ltr'><strong>positamque</strong></span> <span class='ocrx_word' id='word_1_159' title='bbox 775 2336 941 2402; x_wconf 87' lang='lat' dir='ltr'><strong>resuscitat</strong></span> <span class='ocrx_word' id='word_1_160' title='bbox 956 2336 1046 2400; x_wconf 84' lang='lat' dir='ltr'><strong>iram.</strong></span> <span class='ocrx_word' id='word_1_161' title='bbox 1162 2399 1163 2402; x_wconf 72' lang='grc'>,</span> <span class='ocrx_word' id='word_1_162' title='bbox 1262 2349 1265 2356; x_wconf 87' lang='grc'><strong>“</strong></span> 
     </span>
    </p>
   </div>
   <div class='ocr_carea' id='block_1_5' title="bbox 168 2420 1111 4131">
    <p class='ocr_par' dir='ltr' id='par_1_12' title="bbox 169 2420 1100 2845">
     <span class='ocr_line' id='line_1_26' title="bbox 169 2420 1012 2507; baseline 0.001 -23"><span class='ocrx_word' id='word_1_163' title='bbox 169 2443 220 2492; x_wconf 79' lang='lat' dir='ltr'><strong>tre</strong></span> <span class='ocrx_word' id='word_1_164' title='bbox 238 2420 348 2505; x_wconf 88' lang='lat' dir='ltr'><strong>incipit</strong></span> <span class='ocrx_word' id='word_1_165' title='bbox 364 2443 434 2485; x_wconf 86' lang='lat' dir='ltr'><strong>esse</strong></span> <span class='ocrx_word' id='word_1_166' title='bbox 451 2432 557 2492; x_wconf 87' lang='lat' dir='ltr'><strong>tamen</strong></span> <span class='ocrx_word' id='word_1_167' title='bbox 574 2421 685 2486; x_wconf 89' lang='lat' dir='ltr'><strong>melior</strong></span> <span class='ocrx_word' id='word_1_168' title='bbox 701 2443 855 2505; x_wconf 86' lang='lat' dir='ltr'><strong>germana</strong></span> <span class='ocrx_word' id='word_1_169' title='bbox 870 2432 1012 2507; x_wconf 82' lang='lat' dir='ltr'><strong>parente,</strong></span> 
     </span>
     <span class='ocr_line' id='line_1_27' title="bbox 238 2505 1033 2592; baseline 0.003 -23"><span class='ocrx_word' id='word_1_170' title='bbox 238 2517 270 2570; x_wconf 88' lang='lat' dir='ltr'><strong>ct</strong></span> <span class='ocrx_word' id='word_1_171' title='bbox 286 2506 538 2592; x_wconf 82' lang='lat' dir='ltr'><strong>consanguineas</strong></span> <span class='ocrx_word' id='word_1_172' title='bbox 555 2518 592 2571; x_wconf 90' lang='lat' dir='ltr'><strong>ut</strong></span> <span class='ocrx_word' id='word_1_173' title='bbox 609 2508 764 2592; x_wconf 85' lang='lat' dir='ltr'><strong>sanguine</strong></span> <span class='ocrx_word' id='word_1_174' title='bbox 779 2505 877 2572; x_wconf 91' lang='lat' dir='ltr'><strong>leniat</strong></span> <span class='ocrx_word' id='word_1_175' title='bbox 893 2506 1033 2583; x_wconf 89' lang='lat' dir='ltr'><strong>umbras,</strong></span> 
     </span>
     <span class='ocr_line' id='line_1_28' title="bbox 237 2589 1093 2677; baseline 0.001 -22"><span class='ocrx_word' id='word_1_176' title='bbox 237 2589 398 2676; x_wconf 81' lang='lat' dir='ltr'><strong>impietate</strong></span> <span class='ocrx_word' id='word_1_177' title='bbox 416 2592 469 2676; x_wconf 89' lang='lat' dir='ltr'><strong>pia</strong></span> <span class='ocrx_word' id='word_1_178' title='bbox 486 2603 543 2657; x_wconf 85' lang='lat' dir='ltr'><strong>est.</strong></span> <span class='ocrx_word' id='word_1_179' title='bbox 587 2614 662 2655; x_wconf 89' lang='lat' dir='ltr'><strong>nam</strong></span> <span class='ocrx_word' id='word_1_180' title='bbox 678 2602 848 2677; x_wconf 88' lang='lat' dir='ltr'><strong>postquam</strong></span> <span class='ocrx_word' id='word_1_181' title='bbox 863 2592 994 2677; x_wconf 88' lang='lat' dir='ltr'><strong>pestifer</strong></span> <span class='ocrx_word' id='word_1_182' title='bbox 1010 2592 1020 2656; x_wconf 92' lang='lat' dir='ltr'><strong>i</strong></span> <span class='ocrx_word' id='word_1_183' title='bbox 1066 2590 1093 2656; x_wconf 95' lang='lat' dir='ltr'><strong>is</strong></span> 
     </span>
     <span class='ocr_line' id='line_1_29' title="bbox 237 2676 1100 2761; baseline 0 -20"><span class='ocrx_word' id='word_1_184' title='bbox 237 2676 411 2753; x_wconf 86' lang='lat' dir='ltr'><strong>convaluit,</strong></span> <span class='ocrx_word' id='word_1_185' title='bbox 431 2683 541 2761; x_wconf 89' lang='lat' dir='ltr'><strong>‘rugus</strong></span> <span class='ocrx_word' id='word_1_186' title='bbox 559 2677 618 2742; x_wconf 89' lang='lat' dir='ltr'><strong>iste</strong></span> <span class='ocrx_word' id='word_1_187' title='bbox 636 2688 754 2742; x_wconf 88' lang='lat' dir='ltr'><strong>cremet</strong></span> <span class='ocrx_word' id='word_1_188' title='bbox 770 2698 842 2742; x_wconf 88' lang='lat' dir='ltr'><strong>mea</strong></span> <span class='ocrx_word' id='word_1_189' title='bbox 859 2677 1000 2743; x_wconf 83' lang='lat' dir='ltr'><strong>viscera&#39;.</strong></span> <span class='ocrx_word' id='word_1_190' title='bbox 1035 2677 1042 2691; x_wconf 84' lang='lat'><strong><em>&#39;</em></strong></span> <span class='ocrx_word' id='word_1_191' title='bbox 1068 2676 1100 2741; x_wconf 83' lang='lat' dir='ltr'><strong>&#39;t</strong></span> 
     </span>
     <span class='ocr_line' id='line_1_30' title="bbox 237 2761 944 2845; baseline 0 -18"><span class='ocrx_word' id='word_1_192' title='bbox 237 2774 337 2845; x_wconf 88' lang='lat' dir='ltr'><strong>utque</strong></span> <span class='ocrx_word' id='word_1_193' title='bbox 354 2784 452 2826; x_wconf 91' lang='lat' dir='ltr'><strong>manu</strong></span> <span class='ocrx_word' id='word_1_194' title='bbox 469 2762 538 2827; x_wconf 90' lang='lat' dir='ltr'><strong>dira</strong></span> <span class='ocrx_word' id='word_1_195' title='bbox 553 2763 575 2826; x_wconf 93' lang='lat' dir='ltr'><strong>li</strong></span> <span class='ocrx_word' id='word_1_196' title='bbox 621 2785 676 2828; x_wconf 93' lang='lat' dir='ltr'><strong>um</strong></span> <span class='ocrx_word' id='word_1_197' title='bbox 692 2761 790 2827; x_wconf 86' lang='lat' dir='ltr'><strong>fatale</strong></span> <span class='ocrx_word' id='word_1_198' title='bbox 807 2762 944 2840; x_wconf 85' lang='lat' dir='ltr'><strong>tenebat,</strong></span> 
     </span>
    </p>

    <p class='ocr_par' dir='ltr' id='par_1_13' title="bbox 169 2847 1111 3267">
     <span class='ocr_line' id='line_1_31' title="bbox 169 2847 860 2933; baseline 0.001 -21"><span class='ocrx_word' id='word_1_199' title='bbox 169 2869 221 2921; x_wconf 78' lang='lat'><strong>480</strong></span> <span class='ocrx_word' id='word_1_200' title='bbox 238 2860 311 2912; x_wconf 85' lang='lat' dir='ltr'><strong>ante</strong></span> <span class='ocrx_word' id='word_1_201' title='bbox 328 2848 519 2933; x_wconf 88' lang='lat' dir='ltr'><strong>sepulcrales</strong></span> <span class='ocrx_word' id='word_1_202' title='bbox 536 2848 547 2912; x_wconf 94' lang='lat' dir='ltr'><strong>i</strong></span> <span class='ocrx_word' id='word_1_203' title='bbox 584 2848 646 2913; x_wconf 85' lang='lat' dir='ltr'><strong>elix</strong></span> <span class='ocrx_word' id='word_1_204' title='bbox 663 2847 762 2913; x_wconf 90' lang='lat' dir='ltr'><strong>astitit</strong></span> <span class='ocrx_word' id='word_1_205' title='bbox 778 2871 860 2926; x_wconf 86' lang='lat' dir='ltr'><strong>aras,</strong></span> 
     </span>
     <span class='ocr_line' id='line_1_32' title="bbox 238 2931 1111 3019; baseline 0.001 -22"><span class='ocrx_word' id='word_1_206' title='bbox 238 2932 504 3018; x_wconf 88' lang='lat' dir='ltr'><strong>‘poenarum’que</strong></span> <span class='ocrx_word' id='word_1_207' title='bbox 522 2933 615 2999; x_wconf 88' lang='lat' dir='ltr'><strong>‘deae</strong></span> <span class='ocrx_word' id='word_1_208' title='bbox 632 2933 785 3019; x_wconf 87' lang='lat' dir='ltr'><strong>triplices,</strong></span> <span class='ocrx_word' id='word_1_209' title='bbox 802 2932 990 3010; x_wconf 86' lang='lat' dir='ltr'><strong>furialibus,’</strong></span> <span class='ocrx_word' id='word_1_210' title='bbox 1006 2931 1111 3017; x_wconf 90' lang='lat' dir='ltr'><strong>inquit</strong></span> 
     </span>
     <span class='ocr_line' id='line_1_33' title="bbox 238 3018 1021 3095; baseline 0.004 -14"><span class='ocrx_word' id='word_1_211' title='bbox 238 3018 464 3095; x_wconf 84' lang='lat' dir='ltr'><strong>‘Eumenides‚</strong></span> <span class='ocrx_word' id='word_1_212' title='bbox 482 3019 578 3085; x_wconf 89' lang='lat' dir='ltr'><strong>sacris</strong></span> <span class='ocrx_word' id='word_1_213' title='bbox 595 3020 702 3084; x_wconf 85' lang='lat' dir='ltr'><strong>vultus</strong></span> <span class='ocrx_word' id='word_1_214' title='bbox 721 3019 873 3084; x_wconf 86' lang='lat' dir='ltr'><strong>advertite</strong></span> <span class='ocrx_word' id='word_1_215' title='bbox 890 3030 1021 3084; x_wconf 85' lang='lat' dir='ltr'><strong>vestros.</strong></span> 
     </span>
     <span class='ocr_line' id='line_1_34' title="bbox 236 3104 1090 3189; baseline 0.001 -21"><span class='ocrx_word' id='word_1_216' title='bbox 236 3104 372 3169; x_wconf 88' lang='lat' dir='ltr'><strong>ulciscor</strong></span> <span class='ocrx_word' id='word_1_217' title='bbox 388 3104 534 3189; x_wconf 87' lang='lat' dir='ltr'><strong>facioque</strong></span> <span class='ocrx_word' id='word_1_218' title='bbox 551 3104 655 3170; x_wconf 87' lang='lat' dir='ltr'><strong>nefas:</strong></span> <span class='ocrx_word' id='word_1_219' title='bbox 673 3126 758 3169; x_wconf 91' lang='lat' dir='ltr'><strong>mors</strong></span> <span class='ocrx_word' id='word_1_220' title='bbox 777 3115 876 3170; x_wconf 88' lang='lat' dir='ltr'><strong>morte</strong></span> <span class='ocrx_word' id='word_1_221' title='bbox 893 3104 1010 3189; x_wconf 88' lang='lat' dir='ltr'><strong>pianda</strong></span> <span class='ocrx_word' id='word_1_222' title='bbox 1028 3115 1090 3171; x_wconf 69' lang='lat' dir='ltr'><strong>csta</strong></span> 
     </span>
     <span class='ocr_line' id='line_1_35' title="bbox 236 3189 1097 3267; baseline 0 -13"><span class='ocrx_word' id='word_1_223' title='bbox 236 3190 270 3254; x_wconf 91' lang='lat' dir='ltr'><strong>in</strong></span> <span class='ocrx_word' id='word_1_224' title='bbox 287 3189 390 3255; x_wconf 86' lang='lat' dir='ltr'><strong>scelus</strong></span> <span class='ocrx_word' id='word_1_225' title='bbox 407 3189 589 3256; x_wconf 84' lang='lat' dir='ltr'><strong>addendum</strong></span> <span class='ocrx_word' id='word_1_226' title='bbox 605 3191 709 3255; x_wconf 90' lang='lat' dir='ltr'><strong>scelus</strong></span> <span class='ocrx_word' id='word_1_227' title='bbox 726 3202 790 3267; x_wconf 87' lang='lat' dir='ltr'><strong>est,</strong></span> <span class='ocrx_word' id='word_1_228' title='bbox 807 3189 840 3254; x_wconf 95' lang='lat' dir='ltr'><strong>in</strong></span> <span class='ocrx_word' id='word_1_229' title='bbox 857 3189 970 3255; x_wconf 87' lang='lat' dir='ltr'><strong>funera</strong></span> <span class='ocrx_word' id='word_1_230' title='bbox 986 3191 1097 3255; x_wconf 83' lang='lat' dir='ltr'><strong>funus:</strong></span> 
     </span>
    </p>

    <p class='ocr_par' dir='ltr' id='par_1_14' title="bbox 168 3275 1015 3437">
     <span class='ocr_line' id='line_1_36' title="bbox 168 3275 1015 3362; baseline -0.008 -14"><span class='ocrx_word' id='word_1_231' title='bbox 168 3297 219 3348; x_wconf 84' lang='lat'><strong>485</strong></span> <span class='ocrx_word' id='word_1_232' title='bbox 237 3298 294 3362; x_wconf 92' lang='lat' dir='ltr'><strong>per</strong></span> <span class='ocrx_word' id='word_1_233' title='bbox 311 3289 513 3341; x_wconf 86' lang='lat' dir='ltr'><strong>coacervatos</strong></span> <span class='ocrx_word' id='word_1_234' title='bbox 530 3286 640 3361; x_wconf 89' lang='lat' dir='ltr'><strong>pereat</strong></span> <span class='ocrx_word' id='word_1_235' title='bbox 657 3275 771 3341; x_wconf 86' lang='lat' dir='ltr'><strong>domus</strong></span> <span class='ocrx_word' id='word_1_236' title='bbox 787 3275 885 3360; x_wconf 86' lang='lat' dir='ltr'><strong>impia</strong></span> <span class='ocrx_word' id='word_1_237' title='bbox 901 3275 1015 3341; x_wconf 87' lang='lat' dir='ltr'><strong>luctus.</strong></span> 
     </span>
     <span class='ocr_line' id='line_1_37' title="bbox 237 3358 898 3437; baseline -0.002 -12"><span class='ocrx_word' id='word_1_238' title='bbox 237 3385 279 3425; x_wconf 90' lang='lat' dir='ltr'><strong>an</strong></span> <span class='ocrx_word' id='word_1_239' title='bbox 296 3360 372 3427; x_wconf 81' lang='lat' dir='ltr'><strong>felix</strong></span> <span class='ocrx_word' id='word_1_240' title='bbox 390 3358 522 3426; x_wconf 92' lang='lat' dir='ltr'><strong>Oeneus</strong></span> <span class='ocrx_word' id='word_1_241' title='bbox 539 3373 613 3426; x_wconf 89' lang='lat' dir='ltr'><strong>nato</strong></span> <span class='ocrx_word' id='word_1_242' title='bbox 631 3360 749 3427; x_wconf 88' lang='lat' dir='ltr'><strong>victore</strong></span> <span class='ocrx_word' id='word_1_243' title='bbox 765 3360 898 3437; x_wconf 82' lang='lat' dir='ltr'><strong>fruetur,</strong></span> 
     </span>
    </p>

    <p class='ocr_par' dir='ltr' id='par_1_15' title="bbox 236 3445 1073 3703">
     <span class='ocr_line' id='line_1_38' title="bbox 237 3445 1031 3531; baseline 0.003 -21"><span class='ocrx_word' id='word_1_244' title='bbox 237 3446 387 3511; x_wconf 85' lang='lat' dir='ltr'><strong>Thestius</strong></span> <span class='ocrx_word' id='word_1_245' title='bbox 405 3446 501 3511; x_wconf 91' lang='lat' dir='ltr'><strong>orbus</strong></span> <span class='ocrx_word' id='word_1_246' title='bbox 518 3446 596 3512; x_wconf 81' lang='lat' dir='ltr'><strong>erit?</strong></span> <span class='ocrx_word' id='word_1_247' title='bbox 629 3445 742 3512; x_wconf 87' lang='lat' dir='ltr'><strong>melius</strong></span> <span class='ocrx_word' id='word_1_248' title='bbox 759 3446 909 3531; x_wconf 84' lang='lat' dir='ltr'><strong>lugebitis</strong></span> <span class='ocrx_word' id='word_1_249' title='bbox 927 3447 1031 3512; x_wconf 84' lang='lat' dir='ltr'><strong>ambo.</strong></span> 
     </span>
     <span class='ocr_line' id='line_1_39' title="bbox 236 3530 1073 3614; baseline 0.004 -18"><span class='ocrx_word' id='word_1_250' title='bbox 236 3553 294 3596; x_wconf 82' lang='lat' dir='ltr'><strong>vus</strong></span> <span class='ocrx_word' id='word_1_251' title='bbox 312 3531 417 3608; x_wconf 88' lang='lat' dir='ltr'><strong>modo,</strong></span> <span class='ocrx_word' id='word_1_252' title='bbox 435 3531 566 3596; x_wconf 86' lang='lat' dir='ltr'><strong>fraterni</strong></span> <span class='ocrx_word' id='word_1_253' title='bbox 583 3530 698 3597; x_wconf 91' lang='lat' dir='ltr'><strong>Manes</strong></span> <span class='ocrx_word' id='word_1_254' title='bbox 716 3530 903 3614; x_wconf 87' lang='lat' dir='ltr'><strong>animaeque</strong></span> <span class='ocrx_word' id='word_1_255' title='bbox 920 3543 1073 3610; x_wconf 86' lang='lat' dir='ltr'><strong>recentes,</strong></span> 
     </span>
     <span class='ocr_line' id='line_1_40' title="bbox 237 3616 989 3703; baseline 0.003 -23"><span class='ocrx_word' id='word_1_256' title='bbox 237 3616 378 3680; x_wconf 86' lang='lat' dir='ltr'><strong>officium</strong></span> <span class='ocrx_word' id='word_1_257' title='bbox 396 3618 508 3684; x_wconf 88' lang='lat' dir='ltr'><strong>sentite</strong></span> <span class='ocrx_word' id='word_1_258' title='bbox 525 3640 646 3694; x_wconf 89' lang='lat' dir='ltr'><strong>meum,</strong></span> <span class='ocrx_word' id='word_1_259' title='bbox 664 3637 845 3703; x_wconf 88' lang='lat' dir='ltr'><strong>magnoque</strong></span> <span class='ocrx_word' id='word_1_260' title='bbox 861 3629 989 3702; x_wconf 88' lang='lat' dir='ltr'><strong>paratas</strong></span> 
     </span>
    </p>

    <p class='ocr_par' dir='ltr' id='par_1_16' title="bbox 170 3700 1077 4131">
     <span class='ocr_line' id='line_1_41' title="bbox 170 3700 1070 3789; baseline 0.002 -24"><span class='ocrx_word' id='word_1_261' title='bbox 170 3724 220 3774; x_wconf 83' lang='lat'><strong>490</strong></span> <span class='ocrx_word' id='word_1_262' title='bbox 238 3700 370 3786; x_wconf 88' lang='lat' dir='ltr'><strong>accipite</strong></span> <span class='ocrx_word' id='word_1_263' title='bbox 387 3700 530 3778; x_wconf 86' lang='lat' dir='ltr'><strong>inferias,</strong></span> <span class='ocrx_word' id='word_1_264' title='bbox 548 3703 630 3768; x_wconf 90' lang='lat' dir='ltr'><strong>uteri</strong></span> <span class='ocrx_word' id='word_1_265' title='bbox 647 3703 731 3767; x_wconf 86' lang='lat' dir='ltr'><strong>mula</strong></span> <span class='ocrx_word' id='word_1_266' title='bbox 748 3702 883 3789; x_wconf 87' lang='lat' dir='ltr'><strong>pignora</strong></span> <span class='ocrx_word' id='word_1_267' title='bbox 899 3701 1008 3767; x_wconf 84' lang='lat' dir='ltr'><strong>nostri.</strong></span> <span class='ocrx_word' id='word_1_268' title='bbox 1025 3739 1070 3751; x_wconf 91' lang='lat'><em>-</em></span> 
     </span>
     <span class='ocr_line' id='line_1_42' title="bbox 238 3785 1055 3873; baseline 0.002 -22"><span class='ocrx_word' id='word_1_269' title='bbox 238 3786 268 3851; x_wconf 91' lang='lat' dir='ltr'><strong>ei</strong></span> <span class='ocrx_word' id='word_1_270' title='bbox 285 3785 376 3851; x_wconf 86' lang='lat' dir='ltr'><strong>mihil</strong></span> <span class='ocrx_word' id='word_1_271' title='bbox 404 3809 467 3871; x_wconf 90' lang='lat' dir='ltr'><strong>quo</strong></span> <span class='ocrx_word' id='word_1_272' title='bbox 484 3786 607 3872; x_wconf 78' lang='lat' dir='ltr'><strong>rapior?</strong></span> <span class='ocrx_word' id='word_1_273' title='bbox 632 3788 760 3864; x_wconf 85' lang='lat' dir='ltr'><strong>fratres,</strong></span> <span class='ocrx_word' id='word_1_274' title='bbox 777 3786 931 3873; x_wconf 84' lang='lat' dir='ltr'><strong>ignoscite</strong></span> <span class='ocrx_word' id='word_1_275' title='bbox 948 3786 1055 3853; x_wconf 84' lang='lat' dir='ltr'><strong>matril</strong></span> 
     </span>
     <span class='ocr_line' id='line_1_43' title="bbox 239 3871 1066 3956; baseline 0.005 -21"><span class='ocrx_word' id='word_1_276' title='bbox 239 3871 388 3935; x_wconf 89' lang='lat' dir='ltr'><strong>deficiunt</strong></span> <span class='ocrx_word' id='word_1_277' title='bbox 405 3872 445 3936; x_wconf 89' lang='lat' dir='ltr'><strong>ad</strong></span> <span class='ocrx_word' id='word_1_278' title='bbox 464 3886 576 3956; x_wconf 88' lang='lat' dir='ltr'><strong>coepta</strong></span> <span class='ocrx_word' id='word_1_279' title='bbox 592 3895 715 3938; x_wconf 85' lang='lat' dir='ltr'><strong>manus.</strong></span> <span class='ocrx_word' id='word_1_280' title='bbox 758 3873 911 3938; x_wconf 86' lang='lat' dir='ltr'><strong>meruisse</strong></span> <span class='ocrx_word' id='word_1_281' title='bbox 928 3874 1066 3940; x_wconf 87' lang='lat' dir='ltr'><strong>fatemur</strong></span> 
     </span>
     <span class='ocr_line' id='line_1_44' title="bbox 237 3957 1077 4045; baseline 0.005 -26"><span class='ocrx_word' id='word_1_282' title='bbox 237 3957 342 4032; x_wconf 91' lang='lat' dir='ltr'><strong>illum,</strong></span> <span class='ocrx_word' id='word_1_283' title='bbox 360 3978 417 4020; x_wconf 92' lang='lat' dir='ltr'><strong>cur</strong></span> <span class='ocrx_word' id='word_1_284' title='bbox 433 3970 555 4042; x_wconf 87' lang='lat' dir='ltr'><strong>pereat:</strong></span> <span class='ocrx_word' id='word_1_285' title='bbox 573 3957 682 4023; x_wconf 89' lang='lat' dir='ltr'><strong>mortis</strong></span> <span class='ocrx_word' id='word_1_286' title='bbox 700 3957 777 4023; x_wconf 92' lang='lat' dir='ltr'><strong>mihi</strong></span> <span class='ocrx_word' id='word_1_287' title='bbox 794 3958 940 4045; x_wconf 89' lang='lat' dir='ltr'><strong>displicet</strong></span> <span class='ocrx_word' id='word_1_288' title='bbox 957 3970 1077 4024; x_wconf 85' lang='lat' dir='ltr'><strong>auctor.</strong></span> 
     </span>
     <span class='ocr_line' id='line_1_45' title="bbox 239 4040 1049 4131; baseline 0.002 -23"><span class='ocrx_word' id='word_1_289' title='bbox 239 4062 316 4128; x_wconf 87' lang='lat' dir='ltr'><strong>crgo</strong></span> <span class='ocrx_word' id='word_1_290' title='bbox 333 4040 461 4130; x_wconf 88' lang='lat' dir='ltr'><strong>impunc</strong></span> <span class='ocrx_word' id='word_1_291' title='bbox 479 4043 573 4121; x_wconf 86' lang='lat' dir='ltr'><strong>feret,</strong></span> <span class='ocrx_word' id='word_1_292' title='bbox 590 4043 746 4129; x_wconf 87' lang='lat' dir='ltr'><strong>vivusque</strong></span> <span class='ocrx_word' id='word_1_293' title='bbox 763 4056 795 4111; x_wconf 90' lang='lat' dir='ltr'><strong>et</strong></span> <span class='ocrx_word' id='word_1_294' title='bbox 812 4043 914 4111; x_wconf 85' lang='lat' dir='ltr'><strong>victor</strong></span> <span class='ocrx_word' id='word_1_295' title='bbox 930 4054 963 4111; x_wconf 88' lang='lat' dir='ltr'><strong>et</strong></span> <span class='ocrx_word' id='word_1_296' title='bbox 978 4044 1049 4131; x_wconf 89' lang='lat' dir='ltr'><strong>ipsc</strong></span> 
     </span>
    </p>
   </div>
   <div class='ocr_carea' id='block_1_6' title="bbox 0 0 1404 4500">
    <p class='ocr_par' dir='ltr' id='par_1_17' title="bbox 0 0 1404 4500">
     <span class='ocr_line' id='line_1_46' title="bbox 0 0 1404 4500; baseline 0 11"><span class='ocrx_word' id='word_1_297' title='bbox 0 0 1404 4500; x_wconf 95' lang='lat' dir='ltr'><strong> </strong></span> 
     </span>
    </p>
   </div>
  </div>
 </body>
</html>
