2800 4500
260 293 627 356 mremomnosaou
642 292 716 353 trs.
733 292 813 354 xrv.
831 295 977 354 sss-sa
1070 278 1137 348 247.

152 423 317 489 Hactenus
335 420 487 489 Oenides.
530 421 676 488 Venulus
694 418 872 506 Calydonia
888 443 988 506 regna
1086 420 1191 482 (Pastor

110 507 342 592 Peucetiosque
360 509 447 574 sinus
464 506 691 593 Messapiaque
710 529 786 571 arva
802 506 960 589 relinquit.
1082 488 1201 557 Ami

110 594 143 658 in
161 593 276 678 quibus
293 604 384 659 antra
399 594 501 670 videt,
518 614 600 675 quae
617 593 719 657 multa
734 590 846 657 nubila
862 591 943 655 silva

111 690 143 745 et
159 679 283 744 levibus
300 681 408 745 cannis
425 680 581 744 latitantia
595 678 770 763 semicaper
785 676 858 742 Pan
1151 696 1202 745 515

109 786 195 830 nunc
213 775 313 830 tenet:
331 775 365 829 at
380 767 518 849 quodam
535 774 706 829 tenuemnt
722 774 864 848 tempore
882 761 1052 848 nymphae.
1285 772 1287 777 ’

109 849 238 934 Apulus
255 849 313 914 has
330 850 385 915 illa
401 860 509 936 pastor
525 849 655 934 regione
671 849 800 934 fugatas

110 934 223 1037 terrqit
239 946 271 1000 et
287 934 389 1021 primo
406 935 512 1000 subita
528 933 696 1000 formidine
714 934 827 999 movit:

110 1041 201 1097 mox,
218 1020 274 1084 ubi
291 1042 381 1086 meus
398 1019 492 1085 rediit
509 1030 541 1086 et
558 1029 776 1105 contempsere
793 1030 990 1103 sequentem,

110 1106 152 1170 ad
169 1127 337 1171 numerum
353 1105 446 1170 motis
463 1105 598 1191 pedibus
616 1105 736 1171 duxere
754 1105 895 1170 choreas.
1152 1123 1203 1173 520

109 1191 153 1254 im
177 1190 268 1254 robat
285 1190 342 1255 has
359 1201 468 1291 pastor
483 1191 630 1275 saltuque
646 1190 788 1255 imitatus
805 1188 922 1275 agresti

111 1213 232 1339 addidit
249 1274 394 1341 obscenis
411 1275 553 1342 convicia
570 1274 688 1342 rustica
705 1275 808 1350 dictis,
916 1320 917 1323 ,

110 1382 170 1425 nec
187 1360 275 1445 prius
286 1381 323 1425 os
334 1361 443 1437 tacuit,
458 1382 554 1446 quam
571 1370 702 1461 guttura
719 1360 859 1426 condidit
876 1361 980 1426 arbor.

111 1444 205 1510 arbor
222 1445 306 1510 enim
324 1456 385 1523 est3
403 1466 543 1531 sucoque
559 1446 634 1512 hcet
650 1467 841 1533 cognoscere
858 1468 972 1512 mores.

110 1530 229 1680 quippe
246 1540 355 1595 notam
371 1530 499 1618 linguae
519 1531 604 1597 foliis
621 1532 757 1598 oleaster
773 1531 888 1596 amaris
1152 1551 1202 1600 oro

111 1615 185 1681 exhi
208 1626 253 1681 etr
271 1615 424 1702 asperitas
442 1616 611 1683 verborum
629 1617 724 1684 cessit
739 1616 773 1681 in
789 1617 855 1681 illa.
909 1672 911 1675 ,

153 1700 241 1766 Hinc
257 1701 313 1766 ubi
329 1701 427 1803 legati
443 1703 579 1779 rediere,
596 1715 714 1789 negata
730 1702 868 1768 ferentes
1000 1716 1103 1771 Aeneae
1114 1734 1201 1770 neves.

112 1808 200 1851 arma
215 1787 333 1852 Aetola
350 1788 426 1865 srbi,
444 1788 556 1854 Rutuli
573 1788 640 1854 sine
658 1787 780 1853 viribus
796 1787 858 1852 illis

111 1872 195 1936 bella
212 1871 366 1937 instructa
381 1883 511 1958 gerunt:
529 1874 728 1957 multumque
745 1872 786 1936 ab
804 1885 937 1956 utraque
955 1873 1075 1938 cruoris

111 1968 200 2043 parte
218 1957 321 2022 datur.
364 1957 426 2022 fert
444 1979 517 2023 ecce
534 1957 643 2021 avidas
661 1957 694 2021 in
712 1956 806 2042 pinea
822 1956 951 2021 Turnus
1152 1979 1203 2028 530

110 2053 199 2107 texta
216 2041 317 2119 faces3
334 2041 488 2128 ignesque
506 2043 631 2119 timent,
648 2041 764 2126 quibus
781 2041 868 2105 unda
884 2041 1036 2127 pepercit.

111 2128 239 2210 iamque
256 2127 358 2212 picem
376 2138 409 2192 et
426 2149 514 2192 ceras
532 2127 743 2210 alimentaque
760 2136 865 2191 cetera
881 2127 1028 2192 flammae

111 2211 272 2277 Mulciber
289 2211 402 2278 urebat
419 2233 538 2298 perque
555 2212 655 2278 altum
671 2212 714 2278 ad
730 2212 862 2278 carbasa
878 2213 998 2277 malum

111 2298 193 2375 ibat,
211 2310 243 2362 et
259 2298 409 2364 incurvae
427 2297 594 2364 fumabant
601 2300 692 2384 tigna
706 2297 845 2363 carinaet

112 2406 187 2449 cum
204 2405 326 2448 memor
342 2384 400 2449 has
417 2384 512 2470 pinus
528 2385 627 2451 Idaeo
644 2385 763 2450 vertice
779 2404 888 2449 caesas

112 2479 223 2534 sancta
240 2469 335 2534 deum
351 2469 497 2570 genetrix
514 2469 679 2535 tinnitibus
696 2475 771 2536 ae‘ra
786 2468 871 2555 pulsi

113 2554 194 2619 aeris
213 2564 245 2620 et
261 2554 362 2619 inflatr
379 2555 548 2655 complevit
565 2577 727 2621 murmure
744 2554 831 2632 buxi,

111 2661 232 2725 perque
249 2640 335 2705 leves
354 2640 479 2705 domitrs
495 2639 621 2706 invecta
637 2641 782 2706 leonibus
800 2662 893 2706 auras

113 2724 216 2789 ‘irrita
234 2724 388 2812 sacrilega
404 2724 503 2790 iactas
519 2725 666 2791 incendia
682 2726 804 2802 dextra,

112 2809 241 2886 Turne,’
260 2810 313 2875 ait.
335 2891 338 2896 ⁴
357 2810 517 2897 ‘eripiam3
535 2832 595 2876 nec
611 2832 663 2876 me
680 2811 820 2896 patiente
838 2811 991 2876 cremabit

111 2894 196 2980 ignis
213 2895 295 2961 edax
312 2918 479 2962 nemorum
495 2907 601 2982 partes
618 2906 651 2961 et
668 2895 810 2961 membra
826 2897 990 2962 meorum?

111 2981 249 3046 intonuit
267 2982 390 3048 dicente
408 2983 481 3060 dea,
498 2981 713 3065 tonitrumque
730 2981 829 3047 secuti

113 3089 187 3131 cum
205 3066 335 3133 saliente
352 3090 466 3153 graves
484 3066 666 3133 oeciderunt
682 3066 837 3153 grandine
853 3067 968 3132 nimbis

114 3157 250 3234 atroque
268 3163 300 3219 et
316 3153 473 3217 tumidum
490 3151 601 3218 subitis
618 3151 824 3222 concursibus
842 3173 961 3235 aequor

112 3238 241 3302 Astraei
257 3238 387 3302 turbant
404 3249 436 3303 et
453 3249 530 3304 eunt
545 3238 579 3302 in
594 3237 715 3323 proelia
731 3237 854 3302 fratres.

114 3345 131 3386 e
150 3321 265 3406 quibus
283 3323 367 3388 alma
383 3344 498 3408 parens
515 3323 609 3388 unius
628 3322 748 3387 viribus
764 3345 833 3398 usa,

113 3418 249 3493 stuppea
264 3409 427 3494 praerupit
442 3408 604 3494 Phrygiae
621 3408 795 3474 retinacula
812 3408 920 3473 classis

112 3492 237 3576 fertque
254 3506 338 3559 rates
355 3516 471 3579 pronas
487 3494 655 3578 medioque
672 3493 733 3558 sub
750 3515 887 3578 aequore
904 3493 1028 3580 mergit.

86 3596 93 3611 ·
113 3577 226 3643 robore
243 3579 364 3644 mollito
385 3579 535 3665 lignoque
552 3580 586 3643 in
604 3601 736 3664 corpora
752 3600 854 3657 verso,

112 3663 145 3726 in
163 3663 302 3749 capitum
319 3664 417 3729 facies
434 3686 558 3751 puppes
574 3676 737 3730 mutantur
753 3664 906 3742 aduncae,

111 3747 145 3811 in
164 3747 281 3833 digitos
298 3749 417 3814 abeunt
433 3760 466 3814 et
482 3771 575 3815 crura
590 3750 733 3815 natantia
749 3751 837 3825 remi,

112 3832 261 3915 quodque
278 3832 366 3918 prius
383 3835 501 3912 fuerat,
518 3836 600 3900 latus
619 3848 675 3901 est.
719 3834 896 3917 mediisque
913 3835 1021 3901 carina

113 3916 241 3981 subdita
257 3919 392 4006 navigiis
410 3920 520 4005 spinae
536 3932 678 3986 mutatur
694 3920 728 3985 in
744 3943 838 3985 usum
844 3944 854 3998 ;

111 4001 177 4068 lina
194 4023 303 4069 comae
319 4006 445 4082 molles,
464 4017 629 4072 antemnae
647 4006 794 4071 bracchia
810 4006 905 4085 fiunt3

112 4089 273 4168 caerulus,
291 4101 326 4155 ut
344 4091 460 4166 suerat,
478 4091 565 4157 color
582 4101 639 4158 est.
682 4114 825 4177 quasque
843 4103 916 4158 ante
933 4092 1098 4171 timebant,
1129 4137 1136 4146 -
1151 4111 1202 4161 555
