2800 4500
251 244 314 312 182
581 255 615 312 Ρ.
634 256 760 317 OVIDII
775 254 938 315 Nasonis

246 380 353 448 flebile
369 379 476 448 nescio
494 379 571 466 quid
588 381 733 465 queritur
748 381 832 465 lyra,
849 379 954 446 flebile
970 376 1081 465 lingua

246 479 423 533 murmurat
441 466 609 544 exanimis,
627 466 820 552 respondent
836 465 940 532 debile
957 465 1055 550 ripae.

246 552 376 636 iamque
391 575 478 618 mare
495 553 640 618 invectae
656 553 776 618 flumen
793 552 946 637 populare
962 550 1146 633 relinquunt

196 658 229 707 55
247 650 280 703 et
296 638 543 723 Methymnaeae
560 637 725 723 potiuntur
741 637 832 703 litore
850 636 960 701 Lesbi.

246 722 299 788 hic
315 723 403 789 ferus
420 723 600 809 expositum
616 722 793 809 peregrinis
811 722 925 806 anguis
942 719 1069 787 harenis

247 830 283 874 os
300 808 380 893 petit
397 821 429 874 et
446 831 572 894 sparsos
590 808 721 895 stillanti
737 828 807 873 rore
826 805 966 892 capillos.

246 894 375 960 tandem
392 893 545 960 Phoebus
562 893 653 959 adest
670 914 857 976 morsusque
874 892 991 957 inferre
1008 902 1173 978 parantem

247 990 347 1058 arcet,
366 990 398 1045 et
414 979 449 1045 in
464 979 604 1066 lapidem
621 979 719 1045 rictus
736 976 890 1063 serpentis
908 988 1034 1063 apertos

199 1083 232 1131 oo
249 1066 395 1152 congelat
412 1075 444 1130 et
460 1065 600 1150 patulos,
619 1075 655 1129 ut
672 1074 777 1141 crant,
795 1063 923 1128 indurat
940 1063 1054 1128 hiatus.

247 1150 362 1216 umbra
379 1150 465 1215 subit
481 1160 596 1228 terras,
614 1162 646 1216 et
663 1170 746 1233 quae
763 1150 834 1214 loca
851 1148 975 1214 viderat
991 1159 1074 1228 ante,

248 1246 364 1302 cuncta
378 1235 590 1322 recognoscit:
608 1256 828 1320 quaerensque
844 1256 902 1319 per
918 1257 996 1299 arva
1012 1234 1137 1321 piorum

247 1321 368 1388 invenit
385 1320 569 1407 Eurydicen
587 1320 775 1406 cupidisque
792 1319 992 1405 amplectitur
1008 1321 1101 1386 ulnis.

248 1407 301 1472 hic
316 1407 412 1472 modo
430 1406 605 1472 coniunctis
622 1406 801 1492 spatiantur
816 1404 964 1491 passibus
982 1405 1091 1472 ambo:

198 1510 231 1559 55
247 1514 334 1558 nunc
373 1493 592 1558 raecedentem
610 1491 763 1576 sequitur,
780 1513 867 1556 nunc
883 1491 1032 1576 praevius
1049 1492 1157 1571 anteit,

248 1578 339 1663 Eury
362 1579 494 1662 ‘cenque
512 1601 604 1643 suam
619 1577 684 1651 iam
700 1589 770 1642 tuto
787 1575 917 1662 respicit
934 1574 1095 1662 Orpheus.

290 1663 364 1729 Non
381 1664 510 1750 impune
526 1674 633 1729 tamen
650 1663 753 1729 scelus
772 1662 832 1727 hoc
850 1662 924 1727 sinit
942 1685 1011 1728 esse
1028 1661 1174 1749 Lyaeus:
1192 1662 1272 1727 (Boa-

248 1749 427 1833 amissoque
445 1749 554 1815 dolens
572 1770 733 1815 sacrorum
751 1759 823 1813 vate
841 1769 971 1813 suorum
1192 1731 1273 1798 Μ’)

247 1834 391 1921 protinus
408 1835 442 1900 in
458 1834 546 1900 silvis
563 1845 680 1901 matres
697 1832 862 1899 Edonidas
879 1855 1000 1913 omnes,

198 1940 231 1990 to
248 1942 331 2005 quae
348 1919 456 1987 videre
472 1920 578 1997 nefas,
596 1930 679 1986 torta
695 1920 803 1986 radice
820 1919 941 2006 ligavit.

248 2005 366 2092 quippe
382 2006 501 2092 pedum
518 2006 648 2091 digitos,
665 2006 698 2071 in
716 2016 873 2090 quantum
890 2017 938 2072 est
955 2027 1101 2090 quaeque
1118 2017 1238 2086 secuta,

213 2104 223 2123 ⁸
247 2091 358 2170 traxit,
376 2092 458 2158 etin
475 2091 608 2157 solidam
626 2091 760 2157 detrusit
777 2089 925 2156 acumina
940 2101 1067 2157 terram.

247 2188 346 2262 utque
364 2200 458 2242 suum
474 2177 611 2262 laqueis,
630 2198 710 2262 quos
728 2176 860 2242 callidus
878 2176 1000 2241 abdidit
1017 2199 1144 2266 auceps,

248 2286 321 2330 crus
337 2264 394 2329 ubi
411 2264 568 2329 commisit
583 2264 736 2341 volucris,
755 2264 915 2348 sensitque
932 2263 1042 2341 teneri,

197 2367 230 2417 55
248 2349 410 2436 plangitur
426 2371 464 2415 ac
481 2350 642 2436 trepidans
659 2349 805 2434 astringit
821 2349 948 2415 vincula
964 2359 1067 2414 motu:

248 2434 308 2512 sic,
325 2445 363 2500 ut
379 2456 524 2519 quaeque
542 2436 610 2500 solo
628 2434 734 2500 defixa
751 2433 934 2499 cohaeserat
950 2433 1074 2513 harum,

248 2530 412 2586 externata
428 2519 540 2606 fugam
556 2519 674 2585 fmstra
690 2519 882 2605 temptabam
899 2530 933 2585 at
948 2519 1035 2584 illam

247 2605 334 2671 lenta
350 2616 436 2671 tenet
452 2606 543 2672 radix
560 2606 819 2688 exultantemque
836 2616 971 2671 coercet.

249 2690 399 2774 dumque,
417 2690 473 2757 ubi
487 2691 549 2756 sint
562 2691 663 2778 digiti,
681 2690 769 2769 dum,
785 2713 843 2777 pes
855 2690 922 2770 ubi,
939 2689 1072 2775 quaerit,
1090 2702 1122 2757 et
1136 2714 1271 2779 ungues,

197 2793 231 2843 80
249 2775 362 2862 aspicit
378 2777 412 2841 in
428 2787 543 2843 teretes
560 2776 684 2862 lignum
701 2777 872 2842 succedere
889 2799 990 2843 suras.

247 2873 281 2927 et
297 2872 411 2927 conata
427 2861 533 2928 femur
547 2861 700 2929 maerenti
718 2863 869 2949 plangere
886 2861 1007 2940 dextra,

246 2948 363 3014 robora
378 2948 546 3034 percussit:
564 2958 675 3033 pectus
692 2969 820 3032 quoque
836 2947 951 3013 robora
967 2947 1063 3014 fiuntc

246 3033 363 3099 robora
380 3045 454 3099 sunt
471 3033 586 3099 umeri:
608 3046 817 3121 porrectaque
834 3033 983 3099 bracchia
1000 3052 1092 3098 veros

247 3141 317 3185 esse
333 3129 426 3206 putes
443 3139 563 3196 ramos,
581 3130 613 3185 et
628 3140 693 3183 non
710 3118 821 3183 fallare
837 3119 990 3204 putando.

180 3214 230 3273 ’85
289 3204 359 3271 Nec
375 3203 452 3270 satis
470 3204 531 3269 hoc
547 3204 677 3270 Baccho
694 3215 752 3269 est.
796 3204 882 3288 ipsos
899 3225 1026 3287 quoque
1043 3203 1160 3270 deserit
1176 3226 1272 3289 agros

247 3311 384 3374 cumque
401 3289 498 3355 choro
515 3289 645 3355 meliore
662 3288 713 3354 sui
730 3289 836 3353 vineta
852 3288 969 3354 Timoli
1160 3289 1271 3355 [Midas.

246 3375 465 3459 Pactolonque
482 3374 576 3461 petit3
595 3373 741 3459 quamvis
757 3393 823 3438 non
840 3396 956 3440 aureus
972 3374 1028 3439 illo

246 3472 388 3547 tempore
405 3482 465 3526 nec
482 3460 563 3525 caris
580 3472 649 3526 erat
664 3458 840 3525 invidiosus
857 3458 993 3525 harenis.

246 3546 332 3611 hunc
348 3557 475 3611 assueta
492 3545 605 3610 cohors
624 3543 731 3630 Satyri
748 3544 959 3629 Bacchaeque
976 3545 1190 3629 frequentant.

181 3635 230 3698 'so
247 3643 280 3696 at
298 3630 426 3697 Silenus
443 3630 544 3696 abest.
587 3629 776 3696 titubantem
794 3630 948 3714 annisque
965 3651 1117 3714 meroque

245 3716 402 3782 ruricolae
419 3738 531 3802 cepere
547 3714 709 3801 Phryges,
727 3714 933 3799 vinctumque
951 3716 1075 3781 coronis

247 3801 289 3865 ad
305 3823 415 3888 regem
433 3802 552 3867 duxere
569 3800 699 3877 Midan,
717 3800 768 3865 oui
786 3800 943 3867 Thracius
961 3799 1112 3887 Orpheus

247 3885 337 3986 orgia
353 3884 525 3951 tradiderat
542 3908 615 3951 sum
634 3883 790 3971 Cecropio
807 3884 978 3973 Eumolpo.

246 3991 302 4053 qm
319 3970 412 4035 simul
430 3971 560 4055 agnovit
577 3971 699 4037 socium
716 3971 928 4055 comitemque
944 3993 1119 4051 sacromm,

196 4074 228 4126 95
246 4054 378 4142 hospitis
396 4055 534 4123 adventu
552 4055 669 4126 festum
686 4056 852 4143 genialiter
868 4057 934 4144 egit
