2800 4500
259 247 322 316 24ss
591 259 624 317 P.
644 259 769 319 OVIDII
786 258 951 319 NASONIS
1058 324 1060 327 ,

257 383 479 472 Naryciusque
495 381 604 461 heros,
623 407 643 449 a
659 384 794 472 Virgine
811 384 934 471 virgine
951 395 1052 470 rapta,

183 512 185 517 ,
258 492 355 554 quam
372 471 487 537 meruit
503 492 639 557 poenam
657 471 754 549 solus,
772 470 904 557 digessit
919 470 954 535 in
971 493 1091 548 omnes,

139 564 146 575 “
189 577 241 626 470
258 556 452 657 spargimur,
470 566 503 621 et
519 555 621 621 ventis
638 556 766 621 inimica
783 579 840 642 per
857 577 994 639 aequora
1011 556 1094 641 rapti

257 641 405 719 fulmina,
422 652 563 719 noctem,
580 641 714 718 imbres,
731 642 812 706 iram
830 641 972 724 caelique
988 642 1150 725 marisque

257 728 452 814 perpetimur
468 726 591 805 Danai,
609 727 836 812 cumulumque
855 724 1023 812 Capherea
1040 727 1149 793 cladis.

257 835 339 878 neve
356 834 461 878 morer
477 811 618 878 referens
635 812 741 877 tristes
759 835 799 878 ex
816 811 926 877 ordine
944 834 1051 878 casus:

259 896 397 965 Graecia
412 909 480 963 tum
497 897 600 984 potuit
616 896 746 963 Priamo
764 918 891 983 quoque
908 897 1013 963 flenda
1030 897 1140 964 videri.

184 1003 239 1051 ¹4⁷5
257 1006 309 1049 me
327 996 433 1050 tamen
451 983 617 1049 armiferae
635 994 795 1049 servatum
813 1005 890 1048 eura
906 982 1073 1049 Minervae

256 1069 405 1135 fluctibus
423 1068 547 1154 eripuit.
590 1069 698 1154 patriis
716 1069 773 1135 sed
790 1091 899 1133 rursus
916 1067 957 1133 ab
974 1069 1059 1154 agris

257 1155 368 1241 pellor,
386 1165 418 1222 et
434 1155 564 1238 antiquo
581 1175 738 1220 memores
756 1155 796 1220 de
813 1155 944 1220 vulnere
984 1176 1080 1220 oenus

257 1240 357 1326 exigit
374 1241 457 1305 alma
473 1239 601 1318 Venus3
618 1250 786 1323 tantosque
803 1261 861 1325 per
877 1239 941 1304 alta
957 1176 1081 1307 huores

257 1346 397 1410 aequora
414 1326 565 1403 sustinui,
583 1336 687 1390 tantos
704 1325 906 1391 terrestribus
923 1325 1029 1404 armis,

190 1429 241 1479 480
259 1423 296 1475 ut
312 1411 390 1475 mihi
406 1410 515 1477 felices
533 1411 596 1476 sint
612 1410 658 1475 illi
676 1433 772 1496 saepe
788 1411 902 1488 vocati,

257 1518 338 1580 quos
356 1497 532 1562 communis
549 1496 650 1561 hiems
667 1496 930 1581 importunusque
949 1493 1135 1581 Caphereus

257 1581 367 1647 mersit
383 1583 483 1666 aquis.
527 1582 704 1664 vellemque
722 1580 835 1646 horum
852 1603 925 1666 pars
942 1604 1008 1646 una
1024 1582 1169 1648 fuissem!

257 1666 369 1731 ultima
384 1667 448 1732 iam
466 1666 551 1752 passi
569 1667 699 1732 comites
718 1667 864 1751 belloque
882 1667 1027 1751 fretoque

258 1751 423 1829 deficiunt,
442 1750 600 1837 finemque
618 1764 734 1838 rogant
751 1751 875 1818 erroris.
900 1760 952 1817 'at
970 1753 1097 1818 Acmon

189 1855 240 1904 485
257 1836 399 1902 fervidus
415 1838 554 1924 iugenio,
570 1848 640 1902 tum
657 1859 733 1903 vero
751 1848 784 1902 et
801 1837 944 1902 cladibus
962 1859 1064 1923 asper,

258 1922 361 2006 “quid
378 1934 537 2007 superest,
554 1923 721 2006 quodiam
739 1922 891 2008 patientia
907 1933 1013 1988 vestra
1029 1935 1154 1989 recuset

259 2011 356 2087 ferre,
375 2010 475 2074 viri?''
495 2009 583 2075 dixit.
628 2011 730 2094 “quid
747 2010 844 2075 habet
861 2007 1031 2095 Cytherea,
1048 2010 1135 2091 quod
1151 2012 1244 2085 ultra,

259 2097 340 2162 velle
356 2105 444 2181 puta,
461 2095 575 2160 faciat?
591 2119 665 2160 narn
684 2096 760 2160 dum
777 2095 885 2180 peiora
900 2093 1058 2170 timentur,

180 2214 183 2225 ⁴
259 2192 307 2248 est
323 2182 410 2246 locus
427 2181 461 2246 in
478 2181 594 2246 vulnus
599 2205 608 2258 3
630 2204 698 2247 sors
716 2191 822 2246 autem
838 2179 895 2245 ubi
912 2178 1049 2266 pessima
1065 2200 1181 2257 rerum,

191 2290 242 2339 490
259 2269 319 2334 sub
335 2267 471 2353 pedibus
487 2267 581 2330 timor
597 2278 653 2343 est,
673 2288 845 2349 securaque
863 2288 986 2331 summa
1003 2266 1168 2331 malorum.

260 2353 369 2418 audiat
384 2352 468 2439 ipsa,
484 2352 573 2430 licet3
591 2363 634 2431 et,
652 2350 739 2436 quod
755 2349 847 2427 facit,
865 2349 967 2416 oderit
982 2372 1091 2416 omnes

261 2437 320 2502 sub
337 2436 496 2503 Diomede
513 2438 613 2502 viros:
631 2438 740 2502 odium
758 2448 865 2502 tamen
882 2436 968 2501 illius
985 2458 1095 2502 omnes

233 2581 238 2590 .
260 2524 451 2608 spernimus:
470 2535 502 2589 et
518 2544 635 2608 magno
654 2533 716 2587 stat
732 2544 850 2607 magna
866 2521 1008 2608 potentia
1024 2521 1157 2587 nobisl”

179 2633 181 2638 ’
260 2606 377 2672 talibus
387 2606 514 2673 irritans
523 2607 683 2674 Venerem
699 2606 891 2672 Pleuronius
908 2607 1036 2672 Acmon

191 2710 241 2759 495
259 2692 434 2758 instimulat
450 2692 555 2759 verbis
572 2704 777 2777 veteremque
793 2692 960 2758 resuscitat
976 2692 1066 2758 iram.

260 2779 345 2843 dicta
360 2778 487 2864 placent
502 2778 627 2865 paucis:
644 2778 770 2844 numeri
787 2777 914 2842 maioris
932 2777 1025 2843 amici

259 2866 407 2929 Acmona
423 2864 619 2950 corripimus.
662 2865 716 2930 cui
731 2864 923 2950 respondere
939 2862 1057 2930 volenti

259 2971 323 3015 vox
339 2949 457 3035 pariter
473 2950 624 3035 vocisque
642 2950 694 3015 via
712 2961 760 3016 cst
776 2961 921 3027 tenuata;
939 2970 1112 3034 comaeque

258 3035 292 3099 in
310 3036 435 3121 plumas
452 3035 585 3114 abeunt3
603 3035 720 3122 plumis
736 3057 821 3101 nova
838 3035 920 3101 collo
936 3045 1088 3128 teguntur

191 3139 242 3188 coo
259 3132 451 3208 pectoraque
469 3133 501 3187 et
517 3132 642 3207 tergum
647 3146 655 3198 ;
674 3121 810 3188 maiores
826 3120 975 3186 bracchia
992 3142 1113 3206 pennas
1163 3169 1166 3173 .

259 3206 432 3293 accipiunt,
450 3207 613 3290 cubitique
630 3207 717 3273 leves
735 3207 900 3272 sinuantur
916 3206 950 3270 in
967 3207 1048 3285 alas3

258 3314 376 3379 magna
392 3292 511 3378 pedum
529 3292 645 3378 digitos
661 3314 736 3378 pars
754 3302 902 3377 occupat3
920 3313 1038 3375 oraque
1056 3313 1154 3357 cornu

258 3379 405 3443 indurata
421 3378 526 3464 rigent
542 3378 702 3461 finemque
719 3377 754 3442 in
770 3377 916 3443 acumine
934 3389 1065 3463 ponunt.

181 3501 183 3506 ι
258 3462 344 3530 hunc
360 3464 485 3550 Lycus,
503 3464 588 3530 hunc
605 3464 680 3528 Idas
698 3473 730 3529 et
747 3485 820 3529 cum
837 3462 1027 3529 Rhexenore
1043 3464 1196 3547 Nycteus,

190 3568 240 3618 505
258 3549 344 3616 hunc
360 3550 492 3615 miratur
508 3549 614 3614 Abas:
633 3560 665 3615 et
682 3549 758 3613 dum
776 3548 940 3626 mirantur,
958 3548 1091 3616 eandem

258 3634 418 3721 accipiunt
434 3635 559 3701 faciem.
602 3656 817 3718 numerusque
835 3657 875 3699 ex
892 3634 1019 3720 agmine
1036 3634 1138 3699 maior

258 3721 405 3786 subvolat
421 3731 454 3785 et
470 3743 573 3786 remos
590 3720 710 3805 plausis
728 3720 934 3785 circumvolat
950 3720 1017 3786 alis.

259 3806 285 3870 si
302 3804 467 3870 volucrum
484 3826 567 3889 quae
584 3805 625 3871 sit
642 3805 819 3871 subitarum
837 3804 954 3883 forma,
970 3804 1119 3889 requirisz

257 3900 375 3954 utnon
392 3911 579 4037 cpcnorum,
597 3891 644 3956 sic
660 3890 741 3956 albis
758 3890 903 3976 proxima
920 3891 1038 3975 cycnis.

191 3994 241 4044 διο
258 3974 313 4037 vix
330 3973 404 4056 equi
426 3996 476 4039 em
493 3975 551 4039 has
569 3976 660 4043 sedes
678 3986 711 4041 et
726 3976 858 4061 Iapygis
875 3976 964 4041 arida
980 3974 1090 4041 Dauni

257 4080 335 4123 arva
349 4079 449 4143 gener
465 4069 558 4125 teneo
575 4060 706 4126 minima
724 4083 796 4126 oum
813 4074 904 4147 parte
922 4061 1084 4139 meorum?
