2800 4500
227 274 269 341 56
558 289 593 344 Ρ.
612 287 738 346 OVIDII
755 286 919 345 NASONIS

226 413 415 480 vaticinatus
434 422 511 479 erat.
554 424 668 499 parent
684 422 864 496 matresque
881 434 1055 498 nurusque,

178 518 211 569 10
227 500 370 583 telasque
388 499 592 582 calathosque
608 498 790 581 infectaque
807 520 906 583 pensa
922 510 1079 585 reponunt

227 597 362 670 turaque
396 584 474 650 dant
507 583 736 668 Bacchumque
772 595 888 648 vocant
921 584 1151 670 Bromiumque
1181 583 1250 672 Ly·

609 692 702 736 aeum
725 691 766 734 uc

220 756 474 843 Ignigenamque
491 767 658 840 satumque
674 690 791 820 itblrum
809 754 974 838 solumque
981 756 1173 822 Bimatrem:

227 842 355 907 additur
371 841 420 906 his
437 841 565 927 Nyseus
582 841 831 925 indetonsusque
848 840 1022 927 Thyoneus

227 939 260 992 et
276 950 349 992 cum
366 927 497 992 Lenaeo
514 926 648 1013 genialis
664 925 803 992 consitor
818 948 912 1004 uvae,

178 1031 210 1081 15
227 1013 456 1099 Nycteliusque
473 1011 667 1097 Eleleusque
684 1034 799 1097 parens
818 1022 850 1077 et
866 1011 1001 1077 Iacchus
1019 1022 1050 1078 et
1067 1010 1195 1090 Euhan,

228 1112 261 1163 et
278 1120 360 1182 quae
399 1109 542 1163 raeterea
554 1121 616 1247 per
633 1095 750 1164 Graias
767 1097 905 1182 plurima
922 1107 1033 1183 gentes

227 1184 367 1261 nomina,
416 1183 494 1260 iber,
511 1183 554 1248 ha
576 1205 622 1249 es.
646 1182 706 1247 tibi
719 1183 803 1248 enim
816 1183 1038 1269 inconsumpta
1050 1182 1179 1250 iuventa
1193 1195 1251 1262 est,

161 1329 163 1332 Α
228 1281 264 1334 tu
281 1292 362 1355 puer
379 1280 541 1347 aeternus,
558 1280 594 1335 tu
610 1267 858 1334 formosissimus
875 1269 939 1333 alto

229 1354 419 1440 conspiceris
437 1355 535 1419 caelo.
577 1354 650 1432 tibi,
669 1375 743 1418 cum
760 1353 828 1418 sine
847 1353 994 1418 cornibus
1012 1365 1106 1431 astas,

178 1461 212 1511 20
228 1441 408 1525 virgineum
426 1449 523 1525 caput
539 1452 597 1505 est
641 1438 745 1504 oriens
763 1438 821 1503 tibi
838 1439 941 1504 victus
959 1439 1103 1523 adusque

230 1526 357 1590 decolor
373 1535 516 1590 extremo
534 1546 597 1608 qua
614 1524 770 1610 tinguitur
786 1523 880 1588 India
898 1521 971 1590 Gan
996 1547 1024 1590 e.

227 1609 375 1676 Penthea
391 1624 427 1675 tu
432 1658 442 1688 ,
459 1611 638 1675 venerande
643 1658 653 1688 ,
672 1609 967 1695 bipenniferumque
1015 1631 1171 1697 yourgum

230 1696 400 1781 sacrilegos
417 1706 553 1773 mactas,
569 1694 799 1780 Tyrrhenaque
817 1695 915 1760 mittis
931 1694 965 1760 in
982 1716 1101 1778 aequor

230 1802 372 1867 corpora.
415 1792 451 1845 tu
468 1781 613 1867 biiugum
629 1781 722 1866 pictis
739 1781 772 1844 in
790 1780 798 1796 ‘
846 1780 876 1845 ‘a
892 1779 990 1846 frenis

179 1889 213 1938 25
230 1867 312 1932 colla
328 1867 445 1953 premis
462 1867 608 1952 lyncum,
624 1865 773 1932 Bacchae
819 1865 964 1951 atyrique
982 1878 1169 1950 sequuntur,

230 1952 349 2036 quique
365 1975 463 2018 senex
479 1953 582 2018 fenrla
598 1952 770 2018 titubantes
788 1950 894 2020 ebrius
912 1963 999 2017 artus

230 2039 365 2103 sustinet
382 2050 414 2103 et
430 2039 536 2124 pando
553 2059 617 2102 non
634 2037 758 2103 fortiter
774 2037 883 2103 haeret
900 2037 1007 2103 asello.

231 2144 432 2207 quacumque
448 2123 638 2210 ingrederis,
656 2124 775 2189 clamor
790 2122 945 2189 iuvenalis
963 2134 994 2188 et
1010 2146 1076 2187 una

230 2210 386 2275 femineae
403 2231 498 2276 voces
515 2210 715 2296 impulsaque
731 2220 883 2296 tympana
899 2208 1013 2296 palmis

180 2316 214 2368 ao
231 2316 432 2379 concavaque
450 2318 525 2361 acra
542 2306 656 2360 sonant
671 2295 726 2360 lon
750 2316 833 2378 oque
849 2295 1003 2360 foramine
1021 2294 1137 2360 buxus.

231 2382 391 2467 ‘placatus
408 2381 569 2465 mitisque’
587 2391 702 2466 rogant
719 2318 895 2445 Igsmenides
913 2379 1033 2457 ‘adsis’

229 2467 381 2550 iussaque
398 2488 488 2531 sacra
505 2466 622 2531 colunt.
666 2466 753 2530 solae
769 2465 951 2550 Minyeides
968 2463 1054 2528 intus

230 2552 452 2637 intempestiva
469 2551 633 2615 turbantes
650 2549 734 2615 festa
749 2549 899 2614 Minerva

232 2649 287 2702 aut
304 2638 424 2702 ducunt
441 2636 530 2702 lanas
547 2647 603 2700 aut
620 2634 756 2700 stamina
796 2635 886 2701 ollioe
903 2644 1031 2702 versant

181 2746 214 2795 ³5
232 2733 288 2788 aut
305 2721 439 2788 haerent
452 2722 534 2787 telae
550 2720 750 2805 famulasque
766 2658 928 2785 biberibus
945 2728 1070 2805 urgent.
1145 2717 1147 2720 ’

232 2832 250 2874 e
267 2808 384 2893 quibus
401 2830 466 2872 una
482 2808 546 2871 levi
563 2807 723 2873 deducens
740 2806 855 2891 pollice
871 2805 970 2881 filum,

161 2910 163 2914 ·
232 2895 326 2959 ‘dum
342 2904 467 2959 cessant
484 2893 564 2957 aliae
582 2902 823 2976 commentaque
840 2913 931 2956 sacra
947 2890 1159 2974 frequentant,

230 3001 290 3045 nos
307 3000 448 3063 quoque,
466 2999 546 3062 quas
563 2977 686 3055 Pallas,
705 2977 817 3043 melior
834 2976 908 3054 dea,
927 2976 1058 3041 detinet’
1076 2975 1189 3061 inquit,

232 3064 323 3130 ‘utile
341 3086 421 3150 opus
438 3086 592 3128 manuum
609 3063 697 3128 vario
715 3084 858 3128 sermone
875 3062 1031 3128 levemus:

180 3172 215 3221 40
231 3172 352 3237 perque
369 3151 455 3214 vices
473 3148 607 3233 aliquid,
624 3148 711 3232 quod
727 3159 871 3234 tempora
888 3147 985 3233 longa
1001 3146 1101 3213 videri

230 3258 295 3302 non
313 3237 408 3312 sinat,
426 3236 459 3299 in
476 3234 616 3299 medium
634 3255 751 3298 vacuas
768 3233 942 3299 referamus
959 3232 1000 3296 ad
1017 3232 1130 3298 aures!

232 3322 318 3386 dieta
333 3321 482 3406 probant,
522 3320 699 3404 rimamque
716 3318 827 3384 iubent
843 3339 972 3383 narrare
989 3339 1122 3384 sorores.
1233 3318 1235 3322 ’

231 3408 299 3482 illa,
317 3406 395 3490 quid
413 3429 431 3471 e
448 3429 480 3469 m
515 3405 555 3469 tis
571 3405 688 3470 referat
705 3402 795 3488 (nam
811 3404 948 3553 plurima
964 3403 1080 3481 norat),

233 3493 360 3578 cogitat.
404 3503 435 3556 et
452 3490 551 3555 dubia
567 3501 630 3568 est,
648 3490 688 3555 de
705 3501 748 3567 te,
765 3490 816 3555 Ba
837 3489 959 3575 ylonia,
976 3499 1092 3568 narret,

180 3598 214 3646 «15
232 3576 377 3652 Derceti,
396 3598 491 3660 quam
509 3598 601 3641 versa
617 3574 758 3659 squamis
776 3574 953 3640 velantibus
971 3586 1058 3638 artus

232 3673 345 3748 stagna
360 3661 536 3727 Palaestini
553 3661 685 3727 credunt
702 3670 840 3726 motasse
857 3660 975 3745 figura:

232 3771 274 3813 an
290 3747 407 3833 magis,
424 3759 461 3811 ut
477 3747 611 3832 sumptis
628 3747 712 3811 illius
729 3745 794 3811 filia
810 3744 923 3831 pennis

233 3843 389 3898 extremos
407 3831 478 3897 altis
495 3832 529 3898 in
546 3832 685 3897 turribus
705 3831 804 3917 egerit
821 3853 934 3895 annos:

231 3917 311 3983 Nais
329 3941 370 3981 an
387 3927 423 3981 ut
440 3928 536 3982 cantu
552 3917 749 4001 nimiumque
765 3916 947 4002 potentibus
964 3914 1071 3981 herbis

182 4026 216 4075 50
233 4002 361 4069 verterit
378 4003 413 4067 in
430 4002 542 4067 tacitos
559 4002 719 4069 iuvenalia
737 4023 869 4089 corpora
884 4001 999 4088 pisces,

232 4090 333 4160 donee
349 4087 434 4158 idem
451 4111 546 4179 passa
563 4101 625 4171 est:
643 4113 695 4172 an,
714 4110 797 4177 quae
812 4110 909 4178 poma
926 4084 1000 4156 alba
1016 4083 1149 4165 ferebat,
