2800 4500
260 245 323 313 162
441 278 445 285 ·
592 257 625 314 P.
644 255 769 315 OVIDII
786 252 949 312 NASONIS

192 405 242 456 715
259 408 332 451 cum
372 392 448 460 ater,
466 381 553 468 Iphi,
572 380 629 445 tibi
646 380 763 446 flavam
781 378 956 464 despondet
972 376 1118 455 Ianthen,

258 471 340 536 inter
349 407 564 533 lhaestiadas
582 487 664 551 quae
681 464 898 530 laudatissima
915 464 1035 528 formae

259 556 333 621 dote
350 554 411 619 fuit
428 553 528 639 virgo,
546 551 681 617 Dictaeo
698 562 774 616 nata
790 550 926 615 Teleste.

259 664 318 727 par
334 650 436 717 77777,
452 661 511 724 par
527 638 631 702 forma
647 636 723 714 fuit,
741 635 921 722 primasque
937 633 1096 720 magistris

260 747 411 812 accepere
428 735 527 800 artes,
544 724 700 789 elementa
717 721 842 799 aetatis,
860 721 901 786 ab
918 719 1029 785 isdem.

193 833 243 883 777
260 812 334 876 17177
351 832 440 874 amor
457 809 623 874 ambamm
640 807 744 892 tetigit
760 806 839 871 rude
855 817 982 891 pectus,
1000 816 1032 871 et
1048 826 1186 889 aequum

259 897 375 962 vulnus
392 893 518 979 utrique
536 894 635 959 dedit:
654 893 712 958 sed
730 903 797 957 erat
813 890 930 957 fiducia
948 890 1063 975 dispar.

168 988 173 997 '
261 980 445 1067 coniugium
460 991 637 1080 pactaeque
655 988 801 1063 expectat
818 989 960 1125 tempora
977 976 1098 1053 taedae,

261 1087 421 1151 quamque
438 1087 542 1129 virum
558 1076 650 1150 putat
667 1085 752 1140 esse,
767 1063 870 1127 virum
895 1083 949 1127 ore
967 1061 1065 1126 credit
1083 1061 1206 1128 Ianthe.

261 1152 350 1238 Iphis
368 1162 467 1227 amat,
486 1171 551 1234 qua
567 1171 660 1235 posse
676 1148 741 1213 frui
760 1148 919 1233 desperat,
937 1157 969 1211 et
986 1157 1082 1231 auget

194 1257 244 1306 777
261 1238 323 1302 1777
339 1237 444 1322 ipsum
461 1235 619 1311 flammas,
637 1234 790 1316 ardetque
807 1233 841 1296 in
858 1232 980 1318 virgine
998 1232 1098 1317 virgo.

261 1322 378 1405 vixque
396 1332 506 1386 tenens
523 1319 669 1383 lacrimas
687 1319 772 1401 ‘quis
789 1340 841 1382 me
857 1328 965 1382 manet
982 1318 1098 1382 exitus’
1117 1316 1229 1401 inquit,

261 1406 405 1492 ‘cognita
422 1426 518 1489 quam
534 1404 628 1481 nulli,
645 1425 742 1487 quam
758 1403 940 1489 prodigiosa
956 1424 1121 1487 novaeque

262 1514 339 1559 cura
356 1501 442 1556 tenet
458 1489 612 1556 Veneris?
637 1490 664 1553 si
682 1488 715 1553 di
731 1488 809 1553 mihi
827 1511 956 1574 parcere
973 1488 1101 1564 vellent,

263 1571 408 1659 [parcere
427 1573 613 1652 debuerant,
632 1575 740 1640 sinon
759 1586 790 1640 et
807 1577 939 1661 perdere
957 1577 1102 1665 vellentl]

196 1681 245 1731 777
262 1662 405 1726 77777717
422 1662 541 1726 malum
559 1662 671 1727 saltem
689 1673 720 1728 et
738 1662 778 1727 de
795 1685 882 1728 more
902 1663 1071 1729 dedissent.

261 1768 322 1812 nec
338 1768 468 1812 vaccam
485 1769 616 1824 vaccae,
633 1769 738 1832 neque
756 1769 854 1832 equas
870 1770 959 1813 amor
976 1749 1038 1814 urit
1055 1770 1223 1833 equarum:

261 1832 326 1897 urit
342 1854 418 1897 oves
436 1831 530 1908 aries,
548 1832 691 1917 sequitur
708 1855 767 1898 sua
783 1834 902 1898 femina
919 1856 1057 1899 cervum.

263 1918 308 1982 sic
326 1928 358 1982 et
375 1940 450 1983 aves
467 1930 595 1995 coeunt,
613 1918 758 2002 interque
776 1919 925 1984 animalia
941 1933 1056 1985 cuncta

262 2001 381 2068 femina
398 2003 535 2075 femineo
553 2014 698 2090 correpta
716 2004 863 2091 cupidine
880 2005 968 2070 nulla
985 2016 1042 2071 777.

195 2104 244 2155 777
263 2089 377 2154 vellem
394 2089 482 2153 nulla
497 2087 613 2154 foreml
639 2112 681 2154 ne
698 2111 762 2154 non
779 2100 886 2155 tamen
902 2091 1009 2155 omnia
1027 2087 1122 2156 Crete

261 2185 403 2238 monstra
419 2174 513 2250 ferat,
531 2186 658 2238 taurum
675 2174 785 2239 dilexit
800 2175 866 2239 filia
884 2173 981 2241 Solis:
1217 2246 1220 2254 ¹

261 2260 381 2325 femina
397 2282 512 2346 nempe
530 2283 660 2325 marem.
703 2283 793 2326 meus
811 2273 859 2326 est
876 2261 1023 2327 furiosior
1039 2263 1104 2340 1117,

262 2346 290 2410 71
306 2367 418 2410 verum
434 2344 628 2431 profitemur,
647 2368 746 2411 amor.
789 2356 895 2412 tamen
912 2347 967 2411 illa
984 2359 1092 2413 777777
1109 2358 1157 2413 777

263 2453 353 2516 spem
369 2429 519 2508 Veneris3
537 2441 642 2496 tamen
660 2431 716 2496 illa
733 2431 814 2497 dolis
831 2443 863 2497 et
879 2432 1018 2518 imagine
1035 2455 1151 2498 vaccae

195 2532 245 2583 747
286 2538 357 2580 assa
374 2515 488 2580 bovem
505 2526 567 2580 est:
586 2527 618 2579 et
635 2527 717 2593 7777,
734 2517 788 2600 771
807 2517 1015 2605 deciperetur,
1032 2519 1164 2583 adulter.

261 2539 326 2665 liuc
342 2599 416 2665 11777
432 2622 451 2665 7
468 2611 534 2664 7777
552 2601 691 2667 sollertia
708 2602 846 2668 confluat
863 2603 950 2680 orbe,

261 2685 331 2771 ipse
347 2685 421 2750 11777
437 2685 558 2750 revolet
575 2686 688 2752 ceratis
705 2686 871 2754 Daedalus
888 2689 960 2754 alis:

262 2770 339 2855 quid
356 2769 469 2835 faciet?
486 2793 563 2835 num
580 2794 632 2837 me
648 2794 783 2858 puerum
801 2773 841 2839 ds
858 2775 981 2859 virgine
999 2773 1098 2840 doctis

263 2856 383 2920 artibus
400 2855 535 2921 efficiet?
561 2879 637 2921 num
654 2869 686 2924 te
703 2859 854 2936 mutabit,
870 2860 1003 2925 Ianthe?

195 2959 244 3011 745
262 2941 340 3026 7717
357 2940 498 3006 animum
514 2941 621 3007 firmas
639 2954 734 3027 teque
751 2944 821 3031 ipsa
836 2946 1008 3031 recolligis,
1025 2945 1110 3031 Iphi,

262 3026 448 3111 consiliique
465 3026 576 3114 inopes
594 3038 626 3093 et
644 3030 756 3094 stultos
773 3031 895 3096 excutis
912 3030 1022 3116 ignes?
1066 3067 1068 3072 ·

262 3112 339 3195 quid
358 3111 401 3177 717
417 3122 508 3189 nata,
525 3112 613 3191 vide,
630 3113 692 3179 7171
710 3126 741 3180 77
759 3135 885 3199 777777
904 3115 1022 3201 decipis
1039 3116 1152 3202 ipsam,

255 3208 295 3262 et
310 3207 383 3284 pete
401 3197 486 3282 quod
503 3198 553 3263 fas
571 3209 633 3275 777,
651 3209 682 3265 77
700 3223 773 3265 ama
789 3200 876 3284 quod
893 3201 1011 3265 femina
1029 3202 1135 3266 debes.

263 3305 335 3369 spes
353 3292 415 3358 est,
433 3304 515 3367 quae
532 3284 651 3369 capiat3
669 3307 742 3370 spes
760 3297 821 3362 est,
840 3306 921 3369 quae
939 3298 1049 3372 pascat
1065 3308 1215 3351 amorem.

194 3368 346 3437 75717777
362 3367 420 3431 71171
437 3390 488 3433 777
507 3369 626 3433 adimit.
669 3393 734 3435 non
752 3382 782 3435 te
799 3371 943 3436 custodia
960 3394 1033 3436 caro

262 3463 348 3518 arcet
364 3453 407 3517 ab
424 3455 588 3539 amplexu,
605 3477 665 3520 777
682 3454 768 3520 77771
785 3477 861 3520 7777
878 3456 991 3535 mariti,

261 3559 325 3602 non
341 3538 440 3623 patris
458 3539 624 3624 asperitas,
641 3561 706 3603 non
723 3563 758 3605 se
774 3553 871 3626 negat
888 3542 1109 3628 ipsaroganti.

261 3645 321 3688 nec
338 3633 445 3688 tamen
463 3635 511 3688 est
528 3624 678 3709 potienda
698 3624 765 3689 tibi.
808 3648 882 3703 nec,
900 3640 936 3692 ut
952 3628 1059 3696 omnia
1075 3628 1163 3707 fiant,

263 3729 332 3773 7777
348 3720 439 3793 potes
455 3708 548 3786 felix,
565 3719 602 3773 77
618 3710 715 3793 dique
732 3710 939 3795 hominesque
956 3713 1109 3778 laborent

195 3813 244 3862 755
262 3814 348 3857 7777
364 3814 492 3877 777777
508 3804 653 3859 votorum
671 3796 760 3860 nulla
777 3807 825 3861 est
842 3820 915 3882 pars
933 3821 1016 3862 vana
1031 3809 1186 3876 meorum,

262 3878 358 3960 dique
374 3878 453 3943 mihi
469 3879 592 3956 faciles,
611 3880 763 3965 quicquid
780 3881 922 3958 valuere,
940 3884 1109 3948 dederunt:

262 3962 412 4047 quodque
429 3985 500 4047 ego,
517 3964 585 4029 vult
602 3966 737 4050 genitor,
754 3966 823 4031 vult
840 3968 924 4052 ipsa,
942 3989 1093 4052 socerque
1111 3970 1250 4042 futurus.

161 4057 162 4060 ’
262 4058 375 4113 utnon
393 4048 462 4112 vult
478 4058 605 4130 natura,
622 4052 781 4138 potentior
797 4052 943 4120 omnibus
961 4052 1039 4132 istis,
