2800 4500
301 282 668 350 METAMORPHOSEON
684 291 758 347 LIB.
776 292 855 349 VIII.
875 292 1020 349 tet—273.
1113 278 1173 345 131

153 413 353 502 excipiuntur
369 429 467 498 aqua:
485 436 568 498 quae
585 437 701 481 nomen
719 415 814 480 traxit
831 415 872 479 ab
889 415 953 480 illc.
1193 435 1244 485 230
1287 474 1290 479 .

153 514 187 566 at
204 512 294 587 pater
309 500 437 575 infelix,
451 522 511 565 nec
526 501 590 565 iam
608 513 708 586 pater,
727 501 852 577 ‘Ioare,'
871 500 960 577 dixit,

154 585 279 662 ‘Ieare‚’
297 585 378 650 dixit·
393 585 463 649 ‘ubi
480 585 534 650 es?
550 607 614 669 qua
631 596 663 650 te
680 585 811 686 regione
829 585 1020 670 requirami'

154 670 272 736 ‘Icare’
291 670 430 736 dicebatr
448 692 569 755 pennas
587 670 710 756 aspexit
726 694 761 734 m
777 671 885 747 undis3

153 755 344 840 devovitque
361 778 435 820 suas
452 766 552 832 artes,
569 777 748 840 corpusque
766 755 911 841 sepulcro

153 841 303 908 condidit.
346 852 378 906 et
399 840 492 907 tellus
510 864 530 905 a
546 841 673 906 nomine
691 841 777 906 dicta
794 840 919 926 sepulti
1192 861 1242 912 285

196 927 293 991 Hunc
310 922 416 990 miseri
433 925 554 990 tumulo
572 936 742 1026 ponentem
760 947 892 1012 corpora
908 924 975 991 nati
1136 942 1242 998 Perdix.

152 1012 280 1098 garrula
296 1033 421 1076 ramosa
437 1022 600 1096 prospexrt
616 1012 657 1076 ab
674 1012 745 1077 ilice
762 1012 884 1096 perdix,

153 1109 185 1163 et
198 1095 318 1197 plausit
334 1095 446 1182 pennis
464 1108 641 1180 testataque
657 1096 778 1183 gaudia
795 1109 890 1162 cantu
908 1107 969 1162 est:

151 1203 247 1247 umoa
264 1192 340 1245 tunc
356 1181 493 1246 volucris
509 1203 569 1246 nec
585 1182 654 1246 visa
670 1181 827 1268 prioribus
845 1182 946 1260 annis,

152 1267 299 1350 factaque
316 1288 417 1351 nuper
434 1266 515 1330 avis:
534 1267 665 1353 longum
683 1266 755 1344 tibi,
773 1266 932 1343 Daedale,
950 1268 1079 1334 crimen.
1192 1289 1242 1340 240

151 1373 289 1435 namque
307 1351 381 1415 huie
396 1351 581 1428 tradiderat,
598 1352 737 1417 fatorum
754 1353 880 1438 ignara,
898 1353 1074 1419 docendam

174 1437 335 1523 rogeniem
352 1459 505 1522 germana
521 1460 626 1515 suam,
643 1437 803 1502 natalibus
821 1438 899 1503 actis

151 1460 200 1586 bis
217 1544 351 1606 puerum
369 1521 466 1599 senis,
485 1521 582 1586 animi
598 1522 640 1587 ad
656 1534 827 1609 praecepta
844 1523 980 1609 capacis.

150 1606 203 1673 ille
221 1606 315 1672 etiam
332 1607 437 1671 medic
454 1606 561 1692 spinas
577 1607 610 1672 in
627 1608 714 1693 pisce
735 1619 858 1673 notatas

150 1691 246 1758 traxit
262 1691 296 1756 in
313 1692 509 1778 exemplum,
526 1692 675 1777 ferroque
691 1693 802 1758 incidit
819 1705 912 1759 acuto

149 1787 320 1864 perpetuos
338 1776 463 1854 dentes,
482 1790 512 1843 et
530 1800 635 1844 serrae
651 1779 791 1864 repperit
807 1797 911 1844 usum.

149 1863 269 1949 primus
287 1873 319 1927 et
335 1882 375 1927 ex
391 1884 456 1927 uno
473 1863 537 1927 duo
555 1863 658 1928 ferrea
675 1863 823 1928 bracchia
840 1863 925 1930 nodo

149 1947 265 2024 vinxit,
283 1959 319 2012 ut
336 1947 461 2030 aequali
479 1948 580 2032 spatio
598 1948 787 2013 distantibus
804 1949 865 2012 illis

149 2033 248 2098 altera
288 2054 339 2096 ars
356 2043 467 2108 staret,
485 2054 558 2117 pars
576 2032 676 2097 altera
692 2032 822 2098 duceret
839 2032 959 2100 orbem.

148 2116 244 2184 Daed
262 2139 314 2180 ¹us
331 2116 444 2181 invidit
460 2138 612 2200 sacraque
630 2140 670 2182 ex
688 2139 760 2182 arce
777 2118 944 2198 Minervae
1034 2157 1036 2161 ·
1189 2141 1240 2194 250

149 2201 353 2350 praecipitem
370 2201 468 2277 misit,
486 2202 610 2288 lapsum
628 2202 788 2268 mentitus.
832 2201 983 2283 atillam,

149 2309 231 2372 quae
262 2299 335 2352 avet
351 2287 499 2373 ingeniis,
517 2288 641 2374 excepit
657 2288 780 2368 Pallas,
799 2311 954 2374 avemque

149 2372 286 2437 reddidit
303 2383 333 2437 et
350 2372 455 2438 medic
472 2373 588 2438 velavit
604 2374 637 2437 in
656 2380 728 2439 ae're
745 2375 868 2460 pennis.

149 2458 205 2523 sed
223 2457 315 2543 vigor
330 2456 450 2543 ingenii
468 2458 628 2541 quondam
645 2460 762 2525 velocis
780 2460 813 2523 in
831 2461 897 2525 alas

148 2542 244 2627 inque
261 2542 359 2628 pedes
377 2542 468 2619 abiit3
485 2565 601 2608 nomen
618 2546 705 2628 quod
723 2555 754 2610 et
771 2556 858 2621 ante,
876 2545 1036 2611 remansit.
1188 2567 1237 2621 255

147 2650 212 2693 non
229 2640 336 2693 tamen
352 2628 432 2693 haec
449 2629 512 2693 alte
529 2630 666 2694 volueris
684 2652 742 2694 sua
760 2650 892 2716 corpora
908 2631 999 2709 tollit,

147 2735 207 2779 neo
224 2713 302 2778 facit
318 2712 351 2776 in
369 2714 465 2778 ramis
482 2714 609 2799 altoque
627 2716 792 2781 cacumine
808 2716 913 2781 nidos:

147 2810 275 2899 propter
291 2797 423 2862 humum
441 2799 552 2865 volitat
568 2800 720 2884 ponitque
737 2802 770 2865 in
788 2801 936 2886 saepibus
953 2823 1024 2880 ova,

148 2883 332 2967 autrquique
349 2905 471 2948 memor
486 2885 598 2949 metuit
615 2886 764 2950 sublimia
781 2908 883 2951 casus.
1186 2911 1236 2960 259

189 2968 323 3051 Iamque
339 2968 507 3054 fatigatum
524 2970 618 3034 tellus
635 2972 782 3035 Aetnaea
798 2972 927 3036 tenebat
1016 2973 1235 3055 Μθῐεαθθνίξῑμΐ

147 3051 325 3130 Daedalon,
343 3065 376 3118 et
389 3054 522 3139 sumptis
535 3076 594 3139 pro
608 3056 751 3139 supplice
768 3053 904 3122 Cocalus
919 3058 1013 3123 armis
1046 3043 1209 3111 Calydonem.

148 3137 232 3201 mitis
250 3138 440 3203 habebatur:
458 3140 521 3202 iam
539 3141 741 3205 lamentabile
758 3141 905 3208 Athenae

147 3221 285 3307 pendere
303 3222 460 3288 desierant
476 3224 603 3289 Thesea
619 3225 714 3290 laude
731 3226 899 3291 tributum:

147 3307 266 3391 templa
283 3321 487 3385 coronantur,
505 3308 761 3394 bellatricemque
779 3312 958 3377 Minervam

147 3413 220 3456 cum
237 3392 315 3456 Iove
332 3391 444 3475 disque
460 3406 575 3459 vocant
591 3395 675 3471 aliis,
693 3418 773 3479 quos
790 3397 943 3483 sanguine
960 3410 1034 3464 voto
1184 3421 1233 3473 265

147 3476 394 3559 muneribusque
411 3477 492 3542 datis
509 3489 541 3544 et
557 3481 672 3545 acerris
689 3483 768 3545 turis
786 3482 949 3547 honorant.

146 3572 304 3645 sparserat
320 3562 489 3648 Argolicas
506 3585 621 3630 nomen
638 3587 722 3651 vaga
739 3566 825 3631 fama
841 3589 898 3652 per
914 3569 1010 3635 urbes

145 3646 302 3727 Theseos,
337 3660 369 3712 et
388 3648 512 3734 populi,
529 3671 609 3733 quos
626 3651 716 3716 dives
733 3652 858 3716 Achaia
875 3654 969 3738 oepit,

145 3730 239 3796 huius
257 3754 348 3817 opem
363 3732 490 3817 magnis
506 3734 715 3821 imploravere
731 3737 866 3821 periclis.

144 3814 239 3881 huius
256 3839 348 3902 opem
366 3815 528 3903 Calydon,
546 3821 692 3904 quamvis
708 3822 897 3908 Meleagron
914 3822 1054 3903 haberet,
1176 3840 1232 3899 ato

144 3901 277 3966 sollicita
293 3925 353 3988 sup
376 3904 428 3969 lex
444 3905 535 3990 petiit
551 3928 654 3991 prece.
698 3928 796 3972 causa
810 3909 939 3992 petendi

143 4008 198 4050 sus
216 3997 296 4064 erat,
314 3926 448 4055 inlesus
464 3990 603 4055 famulus
621 3991 801 4075 vindexque
818 3992 953 4060 Dianae.

143 4068 255 4142 Oenea
272 4094 409 4161 namque
426 4075 533 4144 ferunt
556 4075 643 4167 pleni
668 4077 866 4147 successibus
884 4079 958 4145 anni
1031 4075 1033 4082 ⁴
1058 4099 1060 4106 ’

956 4179 992 4248 9,·
