<?xml version="1.0" encoding="UTF-8"?>
<!DOCTYPE html PUBLIC "-//W3C//DTD XHTML 1.0 Transitional//EN"
    "http://www.w3.org/TR/xhtml1/DTD/xhtml1-transitional.dtd">
<html xmlns="http://www.w3.org/1999/xhtml" xml:lang="en" lang="en">
 <head>
  <title>
</title>
<meta http-equiv="Content-Type" content="text/html;charset=utf-8" />
  <meta name='ocr-system' content='tesseract 3.04.00' />
  <meta name='ocr-capabilities' content='ocr_page ocr_carea ocr_par ocr_line ocrx_word'/>
</head>
<body>
  <div class='ocr_page' id='page_1' title='image "./povidiinasonisc00unkngoog_0227.png"; bbox 0 0 2800 4500; ppageno 0'>
   <div class='ocr_carea' id='block_1_1' title="bbox 305 234 1161 318">
    <p class='ocr_par' dir='ltr' id='par_1_1' title="bbox 305 234 1161 318">
     <span class='ocr_line' id='line_1_1' title="bbox 305 234 1161 318; baseline -0.009 -7"><span class='ocrx_word' id='word_1_1' title='bbox 305 249 673 318; x_wconf 80' lang='lat' dir='ltr'>METAMORPHOSEON</span> <span class='ocrx_word' id='word_1_2' title='bbox 690 250 764 307; x_wconf 87' lang='lat' dir='ltr'><strong>LIB.</strong></span> <span class='ocrx_word' id='word_1_3' title='bbox 782 250 833 307; x_wconf 89' lang='lat' dir='ltr'>IX.</span> <span class='ocrx_word' id='word_1_4' title='bbox 851 249 997 308; x_wconf 78' lang='lat'><strong>451-538.</strong></span> <span class='ocrx_word' id='word_1_5' title='bbox 1100 234 1161 303; x_wconf 83' lang='grc'>157</span> 
     </span>
    </p>
   </div>
   <div class='ocr_carea' id='block_1_2' title="bbox 140 373 1230 3878">
    <p class='ocr_par' dir='ltr' id='par_1_2' title="bbox 141 373 1229 648">
     <span class='ocr_line' id='line_1_2' title="bbox 141 373 1229 465; baseline -0.003 -20"><span class='ocrx_word' id='word_1_6' title='bbox 141 379 218 465; x_wconf 91' lang='lat' dir='ltr'>quid</span> <span class='ocrx_word' id='word_1_7' title='bbox 235 377 312 444; x_wconf 91' lang='lat' dir='ltr'>mihi</span> <span class='ocrx_word' id='word_1_8' title='bbox 328 375 509 464; x_wconf 88' lang='lat' dir='ltr'>significant</span> <span class='ocrx_word' id='word_1_9' title='bbox 525 397 601 462; x_wconf 89' lang='lat' dir='ltr'>ergo</span> <span class='ocrx_word' id='word_1_10' title='bbox 619 393 691 442; x_wconf 84' lang='lat' dir='ltr'>mea</span> <span class='ocrx_word' id='word_1_11' title='bbox 707 373 795 438; x_wconf 82' lang='lat' dir='ltr'>visa?</span> <span class='ocrx_word' id='word_1_12' title='bbox 819 373 906 459; x_wconf 91' lang='lat' dir='ltr'>quod</span> <span class='ocrx_word' id='word_1_13' title='bbox 923 383 1029 441; x_wconf 86' lang='lat' dir='ltr'>autem</span> <span class='ocrx_word' id='word_1_14' title='bbox 1179 392 1229 442; x_wconf 79' lang='lat'>495</span> 
     </span>
     <span class='ocr_line' id='line_1_3' title="bbox 141 459 1228 551; baseline -0.007 -20"><span class='ocrx_word' id='word_1_15' title='bbox 141 464 264 531; x_wconf 88' lang='lat' dir='ltr'>somnia</span> <span class='ocrx_word' id='word_1_16' title='bbox 277 464 405 551; x_wconf 89' lang='lat' dir='ltr'>pondus</span> <span class='ocrx_word' id='word_1_17' title='bbox 422 462 559 535; x_wconf 86' lang='lat' dir='ltr'>habent?</span> <span class='ocrx_word' id='word_1_18' title='bbox 586 485 627 526; x_wconf 92' lang='lat' dir='ltr'>an</span> <span class='ocrx_word' id='word_1_19' title='bbox 643 460 763 525; x_wconf 90' lang='lat' dir='ltr'>habent</span> <span class='ocrx_word' id='word_1_20' title='bbox 780 470 812 525; x_wconf 91' lang='lat' dir='ltr'>et</span> <span class='ocrx_word' id='word_1_21' title='bbox 829 460 951 527; x_wconf 89' lang='lat' dir='ltr'>somnia</span> <span class='ocrx_word' id='word_1_22' title='bbox 967 459 1112 546; x_wconf 82' lang='lat' dir='ltr'>pondus?</span> <span class='ocrx_word' id='word_1_23' title='bbox 1224 500 1228 541; x_wconf 71' lang='lat'>;</span> 
     </span>
     <span class='ocr_line' id='line_1_4' title="bbox 141 544 1017 648; baseline -0.006 -33"><span class='ocrx_word' id='word_1_24' title='bbox 141 550 175 615; x_wconf 90' lang='lat' dir='ltr'>di</span> <span class='ocrx_word' id='word_1_25' title='bbox 191 549 319 617; x_wconf 90' lang='lat' dir='ltr'>meliusl</span> <span class='ocrx_word' id='word_1_26' title='bbox 336 586 380 597; x_wconf 92' lang='lat'><em>-</em></span> <span class='ocrx_word' id='word_1_27' title='bbox 395 548 429 613; x_wconf 86' lang='lat' dir='ltr'>di</span> <span class='ocrx_word' id='word_1_28' title='bbox 445 570 560 648; x_wconf 85' lang='lat' dir='ltr'>nempe</span> <span class='ocrx_word' id='word_1_29' title='bbox 577 569 651 612; x_wconf 86' lang='lat' dir='ltr'>suas</span> <span class='ocrx_word' id='word_1_30' title='bbox 668 546 809 611; x_wconf 83' lang='lat' dir='ltr'>habuere</span> <span class='ocrx_word' id='word_1_31' title='bbox 826 544 962 612; x_wconf 87' lang='lat' dir='ltr'>sororesl</span> <span class='ocrx_word' id='word_1_32' title='bbox 1012 582 1017 597; x_wconf 79' lang='lat'><strong>·</strong></span> 
     </span>
    </p>

    <p class='ocr_par' dir='ltr' id='par_1_3' title="bbox 142 630 1050 805">
     <span class='ocr_line' id='line_1_5' title="bbox 142 630 1050 720; baseline -0.006 -19"><span class='ocrx_word' id='word_1_33' title='bbox 142 637 188 701; x_wconf 91' lang='lat' dir='ltr'>sic</span> <span class='ocrx_word' id='word_1_34' title='bbox 206 634 363 702; x_wconf 85' lang='lat' dir='ltr'>Saturnus</span> <span class='ocrx_word' id='word_1_35' title='bbox 382 632 504 720; x_wconf 86' lang='lat' dir='ltr'><strong>Opem,</strong></span> <span class='ocrx_word' id='word_1_36' title='bbox 520 643 662 698; x_wconf 86' lang='lat' dir='ltr'>runctam</span> <span class='ocrx_word' id='word_1_37' title='bbox 680 631 741 696; x_wconf 89' lang='lat' dir='ltr'>sibi</span> <span class='ocrx_word' id='word_1_38' title='bbox 757 632 926 717; x_wconf 86' lang='lat' dir='ltr'>sanguine,</span> <span class='ocrx_word' id='word_1_39' title='bbox 945 630 1050 696; x_wconf 85' lang='lat' dir='ltr'>duxit:</span> 
     </span>
     <span class='ocr_line' id='line_1_6' title="bbox 143 714 903 805; baseline -0.005 -20"><span class='ocrx_word' id='word_1_40' title='bbox 143 718 294 787; x_wconf 82' lang='lat' dir='ltr'>Oceanus</span> <span class='ocrx_word' id='word_1_41' title='bbox 311 719 450 805; x_wconf 81' lang='lat' dir='ltr'>Tethyn,</span> <span class='ocrx_word' id='word_1_42' title='bbox 467 719 624 784; x_wconf 92' lang='lat' dir='ltr'>Iunonem</span> <span class='ocrx_word' id='word_1_43' title='bbox 639 728 744 783; x_wconf 89' lang='lat' dir='ltr'>rector</span> <span class='ocrx_word' id='word_1_44' title='bbox 761 714 903 802; x_wconf 86' lang='lat' dir='ltr'><strong>Olympi.</strong></span> 
     </span>
    </p>

    <p class='ocr_par' dir='ltr' id='par_1_4' title="bbox 142 802 1050 978">
     <span class='ocr_line' id='line_1_7' title="bbox 142 802 1050 893; baseline -0.003 -23"><span class='ocrx_word' id='word_1_45' title='bbox 142 816 216 871; x_wconf 90' lang='lat' dir='ltr'>sunt</span> <span class='ocrx_word' id='word_1_46' title='bbox 233 805 356 893; x_wconf 89' lang='lat' dir='ltr'>superis</span> <span class='ocrx_word' id='word_1_47' title='bbox 373 827 432 870; x_wconf 86' lang='lat' dir='ltr'>sua</span> <span class='ocrx_word' id='word_1_48' title='bbox 448 805 527 869; x_wconf 86' lang='lat' dir='ltr'>iura.</span> <span class='ocrx_word' id='word_1_49' title='bbox 571 802 647 888; x_wconf 91' lang='lat' dir='ltr'>quid</span> <span class='ocrx_word' id='word_1_50' title='bbox 665 802 708 867; x_wconf 89' lang='lat' dir='ltr'>ad</span> <span class='ocrx_word' id='word_1_51' title='bbox 725 802 873 867; x_wconf 89' lang='lat' dir='ltr'>caelestia</span> <span class='ocrx_word' id='word_1_52' title='bbox 889 802 968 868; x_wconf 88' lang='lat' dir='ltr'>ritus</span> <span class='ocrx_word' id='word_1_53' title='bbox 1047 871 1050 879; x_wconf 58' lang='grc'>,</span> 
     </span>
     <span class='ocr_line' id='line_1_8' title="bbox 142 887 950 978; baseline -0.006 -22"><span class='ocrx_word' id='word_1_54' title='bbox 142 891 269 978; x_wconf 83' lang='lat' dir='ltr'>exigere</span> <span class='ocrx_word' id='word_1_55' title='bbox 286 891 442 956; x_wconf 87' lang='lat' dir='ltr'>humanos</span> <span class='ocrx_word' id='word_1_56' title='bbox 460 889 647 972; x_wconf 87' lang='lat' dir='ltr'>diversaque</span> <span class='ocrx_word' id='word_1_57' title='bbox 664 887 796 953; x_wconf 84' lang='lat' dir='ltr'>foedera</span> <span class='ocrx_word' id='word_1_58' title='bbox 811 889 950 972; x_wconf 81' lang='lat' dir='ltr'>tempto?</span> 
     </span>
    </p>

    <p class='ocr_par' dir='ltr' id='par_1_5' title="bbox 142 972 926 1059">
     <span class='ocr_line' id='line_1_9' title="bbox 142 972 926 1059; baseline -0.006 -18"><span class='ocrx_word' id='word_1_59' title='bbox 142 987 198 1041; x_wconf 91' lang='lat' dir='ltr'>aut</span> <span class='ocrx_word' id='word_1_60' title='bbox 214 988 322 1042; x_wconf 86' lang='lat' dir='ltr'>nostro</span> <span class='ocrx_word' id='word_1_61' title='bbox 338 975 454 1042; x_wconf 85' lang='lat' dir='ltr'>vetitus</span> <span class='ocrx_word' id='word_1_62' title='bbox 472 975 512 1040; x_wconf 93' lang='lat' dir='ltr'>de</span> <span class='ocrx_word' id='word_1_63' title='bbox 530 973 624 1040; x_wconf 84' lang='lat' dir='ltr'>corde</span> <span class='ocrx_word' id='word_1_64' title='bbox 641 972 807 1059; x_wconf 77' lang='lat' dir='ltr'>fugabitur</span> <span class='ocrx_word' id='word_1_65' title='bbox 823 974 926 1050; x_wconf 90' lang='lat' dir='ltr'>ardor,</span> 
     </span>
    </p>

    <p class='ocr_par' dir='ltr' id='par_1_6' title="bbox 143 1061 986 1147">
     <span class='ocr_line' id='line_1_10' title="bbox 143 1061 986 1147; baseline -0.004 -22"><span class='ocrx_word' id='word_1_66' title='bbox 143 1074 198 1126; x_wconf 89' lang='lat' dir='ltr'>aut</span> <span class='ocrx_word' id='word_1_67' title='bbox 214 1061 276 1127; x_wconf 90' lang='lat' dir='ltr'>hoc</span> <span class='ocrx_word' id='word_1_68' title='bbox 293 1061 320 1127; x_wconf 90' lang='lat' dir='ltr'>si</span> <span class='ocrx_word' id='word_1_69' title='bbox 337 1082 471 1145; x_wconf 86' lang='lat' dir='ltr'>nequeo,</span> <span class='ocrx_word' id='word_1_70' title='bbox 488 1082 618 1147; x_wconf 86' lang='lat' dir='ltr'>peream</span> <span class='ocrx_word' id='word_1_71' title='bbox 634 1078 748 1145; x_wconf 91' lang='lat' dir='ltr'>precor</span> <span class='ocrx_word' id='word_1_72' title='bbox 764 1069 837 1123; x_wconf 89' lang='lat' dir='ltr'>ante</span> <span class='ocrx_word' id='word_1_73' title='bbox 853 1070 986 1142; x_wconf 89' lang='lat' dir='ltr'>toroque</span> 
     </span>
    </p>

    <p class='ocr_par' dir='ltr' id='par_1_7' title="bbox 142 1143 1156 1315">
     <span class='ocr_line' id='line_1_11' title="bbox 142 1143 1156 1231; baseline -0.004 -20"><span class='ocrx_word' id='word_1_74' title='bbox 142 1158 268 1212; x_wconf 90' lang='lat' dir='ltr'>mortua</span> <span class='ocrx_word' id='word_1_75' title='bbox 285 1168 354 1212; x_wconf 91' lang='lat' dir='ltr'>com</span> <span class='ocrx_word' id='word_1_76' title='bbox 398 1169 469 1223; x_wconf 86' lang='lat' dir='ltr'>nar,</span> <span class='ocrx_word' id='word_1_77' title='bbox 482 1146 667 1231; x_wconf 80' lang='lat' dir='ltr'>positaeque</span> <span class='ocrx_word' id='word_1_78' title='bbox 685 1144 739 1209; x_wconf 90' lang='lat' dir='ltr'>det</span> <span class='ocrx_word' id='word_1_79' title='bbox 755 1145 863 1227; x_wconf 89' lang='lat' dir='ltr'>oscula</span> <span class='ocrx_word' id='word_1_80' title='bbox 879 1143 986 1208; x_wconf 83' lang='lat' dir='ltr'>frater.</span> <span class='ocrx_word' id='word_1_81' title='bbox 1067 1212 1070 1218; x_wconf 64' lang='grc'><em>,</em></span> <span class='ocrx_word' id='word_1_82' title='bbox 1154 1216 1156 1218; x_wconf 38' lang='grc'>,</span> 
     </span>
     <span class='ocr_line' id='line_1_12' title="bbox 143 1229 929 1315; baseline -0.005 -19"><span class='ocrx_word' id='word_1_83' title='bbox 143 1242 175 1296; x_wconf 92' lang='lat' dir='ltr'>et</span> <span class='ocrx_word' id='word_1_84' title='bbox 191 1244 298 1297; x_wconf 67' lang='lat' dir='ltr'>mmen</span> <span class='ocrx_word' id='word_1_85' title='bbox 308 1255 351 1308; x_wconf 34' lang='lat' dir='ltr'>,ar</span> <span class='ocrx_word' id='word_1_86' title='bbox 373 1231 480 1304; x_wconf 86' lang='lat' dir='ltr'>itrium</span> <span class='ocrx_word' id='word_1_87' title='bbox 497 1229 621 1315; x_wconf 88' lang='lat' dir='ltr'>quaerit</span> <span class='ocrx_word' id='word_1_88' title='bbox 636 1250 688 1297; x_wconf 86' lang='lat' dir='ltr'>res</span> <span class='ocrx_word' id='word_1_89' title='bbox 705 1229 767 1294; x_wconf 88' lang='lat' dir='ltr'>ista</span> <span class='ocrx_word' id='word_1_90' title='bbox 784 1229 929 1294; x_wconf 78' lang='lat' dir='ltr'>duorum.</span> 
     </span>
    </p>

    <p class='ocr_par' dir='ltr' id='par_1_8' title="bbox 140 1313 938 1404">
     <span class='ocr_line' id='line_1_13' title="bbox 140 1313 938 1404; baseline -0.005 -21"><span class='ocrx_word' id='word_1_91' title='bbox 140 1318 228 1404; x_wconf 82' lang='lat' dir='ltr'>finge</span> <span class='ocrx_word' id='word_1_92' title='bbox 245 1317 370 1404; x_wconf 91' lang='lat' dir='ltr'>placere</span> <span class='ocrx_word' id='word_1_93' title='bbox 387 1316 478 1381; x_wconf 84' lang='lat' dir='ltr'>mihi:</span> <span class='ocrx_word' id='word_1_94' title='bbox 496 1316 599 1382; x_wconf 89' lang='lat' dir='ltr'>scelus</span> <span class='ocrx_word' id='word_1_95' title='bbox 617 1337 686 1382; x_wconf 91' lang='lat' dir='ltr'>esse</span> <span class='ocrx_word' id='word_1_96' title='bbox 704 1313 863 1380; x_wconf 88' lang='lat' dir='ltr'>videbitur</span> <span class='ocrx_word' id='word_1_97' title='bbox 879 1313 938 1380; x_wconf 85' lang='lat' dir='ltr'>illil</span> 
     </span>
    </p>

    <p class='ocr_par' dir='ltr' id='par_1_9' title="bbox 143 1401 925 1468">
     <span class='ocr_line' id='line_1_14' title="bbox 143 1401 925 1468; baseline -0.001 -1"><span class='ocrx_word' id='word_1_98' title='bbox 143 1412 176 1467; x_wconf 89' lang='lat' dir='ltr'>at</span> <span class='ocrx_word' id='word_1_99' title='bbox 192 1424 257 1467; x_wconf 91' lang='lat' dir='ltr'>non</span> <span class='ocrx_word' id='word_1_100' title='bbox 274 1401 430 1468; x_wconf 84' lang='lat' dir='ltr'>Aeolidae</span> <span class='ocrx_word' id='word_1_101' title='bbox 448 1401 602 1467; x_wconf 80' lang='lat' dir='ltr'>thalamos</span> <span class='ocrx_word' id='word_1_102' title='bbox 620 1401 755 1466; x_wconf 86' lang='lat' dir='ltr'>timuere</span> <span class='ocrx_word' id='word_1_103' title='bbox 771 1421 925 1466; x_wconf 87' lang='lat' dir='ltr'>sororum.</span> 
     </span>
    </p>

    <p class='ocr_par' dir='ltr' id='par_1_10' title="bbox 142 1485 967 1571">
     <span class='ocr_line' id='line_1_15' title="bbox 142 1485 967 1571; baseline -0.002 -19"><span class='ocrx_word' id='word_1_104' title='bbox 142 1487 228 1554; x_wconf 90' lang='lat' dir='ltr'>unde</span> <span class='ocrx_word' id='word_1_105' title='bbox 245 1488 305 1557; x_wconf 89' lang='lat' dir='ltr'>sed</span> <span class='ocrx_word' id='word_1_106' title='bbox 318 1488 377 1554; x_wconf 94' lang='lat' dir='ltr'>bos</span> <span class='ocrx_word' id='word_1_107' title='bbox 394 1487 488 1552; x_wconf 80' lang='lat' dir='ltr'>novi?</span> <span class='ocrx_word' id='word_1_108' title='bbox 505 1509 562 1552; x_wconf 90' lang='lat' dir='ltr'>our</span> <span class='ocrx_word' id='word_1_109' title='bbox 578 1486 658 1552; x_wconf 87' lang='lat' dir='ltr'>haec</span> <span class='ocrx_word' id='word_1_110' title='bbox 675 1486 822 1571; x_wconf 84' lang='lat' dir='ltr'>exempla</span> <span class='ocrx_word' id='word_1_111' title='bbox 860 1485 967 1550; x_wconf 82' lang='lat' dir='ltr'>aravi?</span> 
     </span>
    </p>

    <p class='ocr_par' dir='ltr' id='par_1_11' title="bbox 143 1570 1063 1658">
     <span class='ocr_line' id='line_1_16' title="bbox 143 1570 1063 1658; baseline -0.002 -20"><span class='ocrx_word' id='word_1_112' title='bbox 143 1595 207 1657; x_wconf 93' lang='lat' dir='ltr'>quo</span> <span class='ocrx_word' id='word_1_113' title='bbox 224 1573 327 1639; x_wconf 82' lang='lat' dir='ltr'>feror?</span> <span class='ocrx_word' id='word_1_114' title='bbox 345 1573 503 1651; x_wconf 78' lang='lat' dir='ltr'>obscenae</span> <span class='ocrx_word' id='word_1_115' title='bbox 521 1573 631 1658; x_wconf 84' lang='lat' dir='ltr'>procul</span> <span class='ocrx_word' id='word_1_116' title='bbox 646 1571 722 1636; x_wconf 90' lang='lat' dir='ltr'>hinc</span> <span class='ocrx_word' id='word_1_117' title='bbox 738 1570 824 1637; x_wconf 83' lang='lat' dir='ltr'>disce</span> <span class='ocrx_word' id='word_1_118' title='bbox 848 1572 890 1637; x_wconf 83' lang='lat' dir='ltr'>&#39;te</span> <span class='ocrx_word' id='word_1_119' title='bbox 906 1572 1063 1649; x_wconf 89' lang='lat' dir='ltr'>flammae,</span> 
     </span>
    </p>

    <p class='ocr_par' dir='ltr' id='par_1_12' title="bbox 142 1657 974 1743">
     <span class='ocr_line' id='line_1_17' title="bbox 142 1657 974 1743; baseline -0.002 -20"><span class='ocrx_word' id='word_1_120' title='bbox 142 1681 216 1736; x_wconf 88' lang='lat' dir='ltr'>nec,</span> <span class='ocrx_word' id='word_1_121' title='bbox 233 1658 295 1724; x_wconf 85' lang='lat' dir='ltr'>nisi</span> <span class='ocrx_word' id='word_1_122' title='bbox 312 1680 377 1743; x_wconf 83' lang='lat' dir='ltr'>qua</span> <span class='ocrx_word' id='word_1_123' title='bbox 392 1659 442 1724; x_wconf 89' lang='lat' dir='ltr'>fas</span> <span class='ocrx_word' id='word_1_124' title='bbox 459 1669 508 1724; x_wconf 88' lang='lat' dir='ltr'>est</span> <span class='ocrx_word' id='word_1_125' title='bbox 524 1679 710 1743; x_wconf 85' lang='lat' dir='ltr'>germanae,</span> <span class='ocrx_word' id='word_1_126' title='bbox 725 1657 825 1723; x_wconf 85' lang='lat' dir='ltr'>frater</span> <span class='ocrx_word' id='word_1_127' title='bbox 841 1669 974 1722; x_wconf 85' lang='lat' dir='ltr'>ametur.</span> 
     </span>
    </p>

    <p class='ocr_par' dir='ltr' id='par_1_13' title="bbox 143 1743 935 1830">
     <span class='ocr_line' id='line_1_18' title="bbox 143 1743 935 1830; baseline 0 -22"><span class='ocrx_word' id='word_1_128' title='bbox 143 1745 171 1809; x_wconf 85' lang='lat' dir='ltr'>si</span> <span class='ocrx_word' id='word_1_129' title='bbox 187 1755 294 1815; x_wconf 81' lang='lat' dir='ltr'>tamen</span> <span class='ocrx_word' id='word_1_130' title='bbox 310 1744 379 1829; x_wconf 89' lang='lat' dir='ltr'>ipse</span> <span class='ocrx_word' id='word_1_131' title='bbox 396 1765 468 1809; x_wconf 92' lang='lat' dir='ltr'>meo</span> <span class='ocrx_word' id='word_1_132' title='bbox 485 1753 597 1830; x_wconf 87' lang='lat' dir='ltr'>captus</span> <span class='ocrx_word' id='word_1_133' title='bbox 637 1743 701 1808; x_wconf 91' lang='lat' dir='ltr'>rior</span> <span class='ocrx_word' id='word_1_134' title='bbox 717 1753 802 1809; x_wconf 85' lang='lat' dir='ltr'>esset</span> <span class='ocrx_word' id='word_1_135' title='bbox 818 1764 935 1821; x_wconf 89' lang='lat' dir='ltr'>amore,</span> 
     </span>
    </p>

    <p class='ocr_par' dir='ltr' id='par_1_14' title="bbox 142 1826 829 1915">
     <span class='ocr_line' id='line_1_19' title="bbox 142 1826 829 1915; baseline -0.003 -21"><span class='ocrx_word' id='word_1_136' title='bbox 142 1829 276 1895; x_wconf 84' lang='lat' dir='ltr'>forsitan</span> <span class='ocrx_word' id='word_1_137' title='bbox 291 1828 377 1894; x_wconf 88' lang='lat' dir='ltr'>illius</span> <span class='ocrx_word' id='word_1_138' title='bbox 393 1851 521 1915; x_wconf 89' lang='lat' dir='ltr'>possem</span> <span class='ocrx_word' id='word_1_139' title='bbox 536 1827 592 1892; x_wconf 92' lang='lat' dir='ltr'>ind</span> <span class='ocrx_word' id='word_1_140' title='bbox 650 1849 702 1894; x_wconf 94' lang='lat' dir='ltr'>ere</span> <span class='ocrx_word' id='word_1_141' title='bbox 719 1826 829 1894; x_wconf 88' lang='lat' dir='ltr'>furori.</span> 
     </span>
    </p>

    <p class='ocr_par' dir='ltr' id='par_1_15' title="bbox 143 1912 988 2001">
     <span class='ocr_line' id='line_1_20' title="bbox 143 1912 988 2001; baseline -0.004 -21"><span class='ocrx_word' id='word_1_142' title='bbox 143 1937 220 2001; x_wconf 91' lang='lat' dir='ltr'>ergo</span> <span class='ocrx_word' id='word_1_143' title='bbox 237 1936 408 2001; x_wconf 78' lang='lat' dir='ltr'>ego,;quae</span> <span class='ocrx_word' id='word_1_144' title='bbox 424 1914 549 1980; x_wconf 89' lang='lat' dir='ltr'>fueram</span> <span class='ocrx_word' id='word_1_145' title='bbox 565 1934 628 1978; x_wconf 92' lang='lat' dir='ltr'>non</span> <span class='ocrx_word' id='word_1_146' title='bbox 645 1912 802 1979; x_wconf 89' lang='lat' dir='ltr'>reiectura</span> <span class='ocrx_word' id='word_1_147' title='bbox 818 1923 988 1998; x_wconf 90' lang='lat' dir='ltr'>petentem,</span> 
     </span>
    </p>

    <p class='ocr_par' dir='ltr' id='par_1_16' title="bbox 142 1996 967 2087">
     <span class='ocr_line' id='line_1_21' title="bbox 142 1996 967 2087; baseline -0.002 -22"><span class='ocrx_word' id='word_1_148' title='bbox 142 2001 212 2086; x_wconf 90' lang='lat' dir='ltr'>ipsa</span> <span class='ocrx_word' id='word_1_149' title='bbox 228 2001 354 2087; x_wconf 82' lang='lat' dir='ltr'>petam?</span> <span class='ocrx_word' id='word_1_150' title='bbox 378 1998 537 2085; x_wconf 86' lang='lat' dir='ltr'>poterisne</span> <span class='ocrx_word' id='word_1_151' title='bbox 552 1997 661 2082; x_wconf 78' lang='lat' dir='ltr'>loqui?</span> <span class='ocrx_word' id='word_1_152' title='bbox 676 1996 837 2084; x_wconf 87' lang='lat' dir='ltr'>poterisne</span> <span class='ocrx_word' id='word_1_153' title='bbox 854 1998 967 2064; x_wconf 82' lang='lat' dir='ltr'>fateri?</span> 
     </span>
    </p>

    <p class='ocr_par' dir='ltr' id='par_1_17' title="bbox 143 2082 987 2172">
     <span class='ocr_line' id='line_1_22' title="bbox 143 2082 987 2172; baseline -0.005 -20"><span class='ocrx_word' id='word_1_154' title='bbox 143 2097 237 2172; x_wconf 84' lang='lat' dir='ltr'>coget</span> <span class='ocrx_word' id='word_1_155' title='bbox 254 2106 356 2151; x_wconf 86' lang='lat' dir='ltr'>amor:</span> <span class='ocrx_word' id='word_1_156' title='bbox 371 2095 494 2170; x_wconf 84' lang='lat' dir='ltr'>potero.</span> <span class='ocrx_word' id='word_1_157' title='bbox 537 2083 603 2158; x_wconf 85' lang='lat' dir='ltr'>vel,</span> <span class='ocrx_word' id='word_1_158' title='bbox 621 2082 649 2148; x_wconf 91' lang='lat' dir='ltr'>si</span> <span class='ocrx_word' id='word_1_159' title='bbox 664 2083 769 2168; x_wconf 91' lang='lat' dir='ltr'>pudor</span> <span class='ocrx_word' id='word_1_160' title='bbox 784 2104 841 2148; x_wconf 86' lang='lat' dir='ltr'>ora</span> <span class='ocrx_word' id='word_1_161' title='bbox 857 2082 987 2162; x_wconf 83' lang='lat' dir='ltr'>tenebit,</span> 
     </span>
    </p>

    <p class='ocr_par' dir='ltr' id='par_1_18' title="bbox 143 2167 810 2255">
     <span class='ocr_line' id='line_1_23' title="bbox 143 2167 810 2255; baseline -0.003 -18"><span class='ocrx_word' id='word_1_162' title='bbox 143 2171 247 2237; x_wconf 88' lang='lat' dir='ltr'>littera</span> <span class='ocrx_word' id='word_1_163' title='bbox 264 2170 381 2236; x_wconf 87' lang='lat' dir='ltr'>celatos</span> <span class='ocrx_word' id='word_1_164' title='bbox 399 2190 515 2235; x_wconf 84' lang='lat' dir='ltr'>arcana</span> <span class='ocrx_word' id='word_1_165' title='bbox 530 2168 683 2233; x_wconf 88' lang='lat' dir='ltr'>fatebitur</span> <span class='ocrx_word' id='word_1_166' title='bbox 699 2167 810 2255; x_wconf 68' lang='lat' dir='ltr'>ignes?</span> 
     </span>
    </p>

    <p class='ocr_par' dir='ltr' id='par_1_19' title="bbox 142 2253 1016 2343">
     <span class='ocr_line' id='line_1_24' title="bbox 142 2253 1016 2343; baseline -0.003 -21"><span class='ocrx_word' id='word_1_167' title='bbox 142 2258 204 2323; x_wconf 92' lang='lat' dir='ltr'>hoc</span> <span class='ocrx_word' id='word_1_168' title='bbox 220 2256 339 2343; x_wconf 83' lang='lat' dir='ltr'>placet,</span> <span class='ocrx_word' id='word_1_169' title='bbox 357 2256 436 2322; x_wconf 89' lang='lat' dir='ltr'>haec</span> <span class='ocrx_word' id='word_1_170' title='bbox 454 2254 583 2320; x_wconf 90' lang='lat' dir='ltr'>dubiam</span> <span class='ocrx_word' id='word_1_171' title='bbox 601 2253 677 2320; x_wconf 86' lang='lat' dir='ltr'>vicit</span> <span class='ocrx_word' id='word_1_172' title='bbox 694 2254 851 2321; x_wconf 87' lang='lat' dir='ltr'>sententia</span> <span class='ocrx_word' id='word_1_173' title='bbox 866 2264 1016 2321; x_wconf 89' lang='lat' dir='ltr'>mentem.</span> 
     </span>
    </p>

    <p class='ocr_par' dir='ltr' id='par_1_20' title="bbox 142 2339 892 2427">
     <span class='ocr_line' id='line_1_25' title="bbox 142 2339 892 2427; baseline -0.003 -19"><span class='ocrx_word' id='word_1_174' title='bbox 142 2343 176 2407; x_wconf 90' lang='lat' dir='ltr'>in</span> <span class='ocrx_word' id='word_1_175' title='bbox 192 2344 275 2408; x_wconf 85' lang='lat' dir='ltr'>latus</span> <span class='ocrx_word' id='word_1_176' title='bbox 293 2341 434 2427; x_wconf 88' lang='lat' dir='ltr'>erigitur,</span> <span class='ocrx_word' id='word_1_177' title='bbox 452 2339 623 2424; x_wconf 91' lang='lat' dir='ltr'>cubitoque</span> <span class='ocrx_word' id='word_1_178' title='bbox 639 2340 750 2405; x_wconf 87' lang='lat' dir='ltr'>innixa</span> <span class='ocrx_word' id='word_1_179' title='bbox 766 2340 892 2406; x_wconf 92' lang='lat' dir='ltr'>sinistro</span> 
     </span>
    </p>

    <p class='ocr_par' dir='ltr' id='par_1_21' title="bbox 143 2425 903 2513">
     <span class='ocr_line' id='line_1_26' title="bbox 143 2425 903 2513; baseline -0.003 -20"><span class='ocrx_word' id='word_1_180' title='bbox 143 2428 285 2513; x_wconf 75' lang='lat' dir='ltr'>‘videritz</span> <span class='ocrx_word' id='word_1_181' title='bbox 302 2426 444 2498; x_wconf 84' lang='lat' dir='ltr'>insanos&#39;</span> <span class='ocrx_word' id='word_1_182' title='bbox 462 2426 565 2511; x_wconf 91' lang='lat' dir='ltr'>inquit</span> <span class='ocrx_word' id='word_1_183' title='bbox 581 2425 753 2492; x_wconf 84' lang='lat' dir='ltr'>‘fateamur</span> <span class='ocrx_word' id='word_1_184' title='bbox 770 2446 903 2492; x_wconf 87' lang='lat' dir='ltr'>amores.</span> 
     </span>
    </p>

    <p class='ocr_par' dir='ltr' id='par_1_22' title="bbox 143 2510 1106 2612">
     <span class='ocr_line' id='line_1_27' title="bbox 143 2510 1106 2612; baseline -0.003 -33"><span class='ocrx_word' id='word_1_185' title='bbox 143 2514 172 2580; x_wconf 91' lang='lat' dir='ltr'>ei</span> <span class='ocrx_word' id='word_1_186' title='bbox 189 2511 280 2578; x_wconf 88' lang='lat' dir='ltr'>mihil</span> <span class='ocrx_word' id='word_1_187' title='bbox 298 2534 362 2597; x_wconf 91' lang='lat' dir='ltr'>quo</span> <span class='ocrx_word' id='word_1_188' title='bbox 378 2511 487 2577; x_wconf 82' lang='lat' dir='ltr'>labor?</span> <span class='ocrx_word' id='word_1_189' title='bbox 503 2533 600 2596; x_wconf 90' lang='lat' dir='ltr'>quem</span> <span class='ocrx_word' id='word_1_190' title='bbox 616 2534 707 2578; x_wconf 88' lang='lat' dir='ltr'>mens</span> <span class='ocrx_word' id='word_1_191' title='bbox 724 2535 796 2578; x_wconf 90' lang='lat' dir='ltr'>mea</span> <span class='ocrx_word' id='word_1_192' title='bbox 812 2510 950 2612; x_wconf 82' lang='lat' dir='ltr'>concipit</span> <span class='ocrx_word' id='word_1_193' title='bbox 966 2511 1106 2598; x_wconf 82' lang='lat' dir='ltr'>ignemi’</span> 
     </span>
    </p>

    <p class='ocr_par' dir='ltr' id='par_1_23' title="bbox 143 2597 923 2683">
     <span class='ocr_line' id='line_1_28' title="bbox 143 2597 923 2683; baseline -0.005 -18"><span class='ocrx_word' id='word_1_194' title='bbox 143 2611 175 2664; x_wconf 89' lang='lat' dir='ltr'>et</span> <span class='ocrx_word' id='word_1_195' title='bbox 191 2598 344 2665; x_wconf 84' lang='lat' dir='ltr'>meditata</span> <span class='ocrx_word' id='word_1_196' title='bbox 359 2620 458 2663; x_wconf 90' lang='lat' dir='ltr'>manu</span> <span class='ocrx_word' id='word_1_197' title='bbox 474 2597 635 2683; x_wconf 88' lang='lat' dir='ltr'>componit</span> <span class='ocrx_word' id='word_1_198' title='bbox 651 2597 750 2663; x_wconf 88' lang='lat' dir='ltr'>verba</span> <span class='ocrx_word' id='word_1_199' title='bbox 767 2608 923 2663; x_wconf 79' lang='lat' dir='ltr'>trementi.</span> 
     </span>
    </p>

    <p class='ocr_par' dir='ltr' id='par_1_24' title="bbox 143 2683 1013 2760">
     <span class='ocr_line' id='line_1_29' title="bbox 143 2683 1013 2760; baseline -0.002 -11"><span class='ocrx_word' id='word_1_200' title='bbox 143 2685 254 2750; x_wconf 90' lang='lat' dir='ltr'>dextra</span> <span class='ocrx_word' id='word_1_201' title='bbox 270 2694 357 2750; x_wconf 90' lang='lat' dir='ltr'>tenet</span> <span class='ocrx_word' id='word_1_202' title='bbox 372 2683 508 2760; x_wconf 89' lang='lat' dir='ltr'>ferrum,</span> <span class='ocrx_word' id='word_1_203' title='bbox 525 2704 660 2748; x_wconf 86' lang='lat' dir='ltr'>vacuam</span> <span class='ocrx_word' id='word_1_204' title='bbox 678 2692 765 2749; x_wconf 90' lang='lat' dir='ltr'>tenet</span> <span class='ocrx_word' id='word_1_205' title='bbox 782 2683 881 2748; x_wconf 88' lang='lat' dir='ltr'>altera</span> <span class='ocrx_word' id='word_1_206' title='bbox 898 2705 1013 2748; x_wconf 89' lang='lat' dir='ltr'>ceram.</span> 
     </span>
    </p>

    <p class='ocr_par' dir='ltr' id='par_1_25' title="bbox 142 2767 982 2855">
     <span class='ocr_line' id='line_1_30' title="bbox 142 2767 982 2855; baseline 0 -21"><span class='ocrx_word' id='word_1_207' title='bbox 142 2769 266 2855; x_wconf 91' lang='lat' dir='ltr'>incipit,</span> <span class='ocrx_word' id='word_1_208' title='bbox 285 2779 316 2836; x_wconf 90' lang='lat' dir='ltr'>et</span> <span class='ocrx_word' id='word_1_209' title='bbox 334 2768 471 2834; x_wconf 85' lang='lat' dir='ltr'>dubitat:</span> <span class='ocrx_word' id='word_1_210' title='bbox 490 2767 607 2844; x_wconf 86' lang='lat' dir='ltr'>scribit,</span> <span class='ocrx_word' id='word_1_211' title='bbox 626 2768 818 2852; x_wconf 87' lang='lat' dir='ltr'>damnatque</span> <span class='ocrx_word' id='word_1_212' title='bbox 834 2768 982 2834; x_wconf 77' lang='lat' dir='ltr'>tabellasr</span> 
     </span>
    </p>

    <p class='ocr_par' dir='ltr' id='par_1_26' title="bbox 143 2852 974 2939">
     <span class='ocr_line' id='line_1_31' title="bbox 143 2852 974 2939; baseline -0.002 -19"><span class='ocrx_word' id='word_1_213' title='bbox 143 2866 176 2920; x_wconf 91' lang='lat' dir='ltr'>et</span> <span class='ocrx_word' id='word_1_214' title='bbox 191 2865 294 2930; x_wconf 92' lang='lat' dir='ltr'>notat,</span> <span class='ocrx_word' id='word_1_215' title='bbox 312 2866 344 2920; x_wconf 89' lang='lat' dir='ltr'>et</span> <span class='ocrx_word' id='word_1_216' title='bbox 361 2855 459 2920; x_wconf 84' lang='lat' dir='ltr'>delet=</span> <span class='ocrx_word' id='word_1_217' title='bbox 476 2863 580 2919; x_wconf 87' lang='lat' dir='ltr'>mutat</span> <span class='ocrx_word' id='word_1_218' title='bbox 596 2853 767 2939; x_wconf 89' lang='lat' dir='ltr'>culpatque</span> <span class='ocrx_word' id='word_1_219' title='bbox 783 2852 974 2939; x_wconf 78' lang='lat' dir='ltr'>probatquer</span> 
     </span>
    </p>

    <p class='ocr_par' dir='ltr' id='par_1_27' title="bbox 142 2937 982 3087">
     <span class='ocr_line' id='line_1_32' title="bbox 142 2937 982 3087; baseline -0.002 -81"><span class='ocrx_word' id='word_1_220' title='bbox 142 2940 238 3025; x_wconf 88' lang='lat' dir='ltr'>inque</span> <span class='ocrx_word' id='word_1_221' title='bbox 255 2940 357 3006; x_wconf 85' lang='lat' dir='ltr'>vicem</span> <span class='ocrx_word' id='word_1_222' title='bbox 374 2952 518 3025; x_wconf 86' lang='lat' dir='ltr'>sumptas</span> <span class='ocrx_word' id='word_1_223' title='bbox 534 2937 625 3024; x_wconf 91' lang='lat' dir='ltr'>ponit</span> <span class='ocrx_word' id='word_1_224' title='bbox 632 2937 823 3087; x_wconf 76' lang='lat' dir='ltr'>positasque</span> <span class='ocrx_word' id='word_1_225' title='bbox 840 2937 982 3004; x_wconf 86' lang='lat' dir='ltr'>resumit.</span> 
     </span>
    </p>

    <p class='ocr_par' dir='ltr' id='par_1_28' title="bbox 142 3022 948 3111">
     <span class='ocr_line' id='line_1_33' title="bbox 142 3022 948 3111; baseline -0.005 -20"><span class='ocrx_word' id='word_1_226' title='bbox 142 3026 220 3109; x_wconf 92' lang='lat' dir='ltr'>quid</span> <span class='ocrx_word' id='word_1_227' title='bbox 236 3025 326 3102; x_wconf 86' lang='lat' dir='ltr'>velit,</span> <span class='ocrx_word' id='word_1_228' title='bbox 343 3024 469 3111; x_wconf 85' lang='lat' dir='ltr'>ignorat</span> <span class='ocrx_word' id='word_1_229' title='bbox 474 3048 484 3103; x_wconf 83' lang='lat'>3</span> <span class='ocrx_word' id='word_1_230' title='bbox 501 3022 631 3108; x_wconf 85' lang='lat' dir='ltr'>quicqui</span> <span class='ocrx_word' id='word_1_231' title='bbox 670 3023 795 3088; x_wconf 87' lang='lat' dir='ltr'>factura</span> <span class='ocrx_word' id='word_1_232' title='bbox 812 3022 948 3101; x_wconf 84' lang='lat' dir='ltr'>videtur,</span> 
     </span>
    </p>

    <p class='ocr_par' dir='ltr' id='par_1_29' title="bbox 143 3107 934 3212">
     <span class='ocr_line' id='line_1_34' title="bbox 143 3107 934 3212; baseline -0.006 -35"><span class='ocrx_word' id='word_1_233' title='bbox 143 3110 301 3212; x_wconf 86' lang='lat' dir='ltr'>displicet:</span> <span class='ocrx_word' id='word_1_234' title='bbox 318 3111 352 3180; x_wconf 85' lang='lat' dir='ltr'>iu</span> <span class='ocrx_word' id='word_1_235' title='bbox 369 3110 461 3175; x_wconf 89' lang='lat' dir='ltr'>vultu</span> <span class='ocrx_word' id='word_1_236' title='bbox 477 3120 526 3175; x_wconf 91' lang='lat' dir='ltr'>est</span> <span class='ocrx_word' id='word_1_237' title='bbox 543 3107 678 3173; x_wconf 89' lang='lat' dir='ltr'>audacia</span> <span class='ocrx_word' id='word_1_238' title='bbox 694 3108 795 3173; x_wconf 83' lang='lat' dir='ltr'>mixta</span> <span class='ocrx_word' id='word_1_239' title='bbox 810 3107 934 3194; x_wconf 88' lang='lat' dir='ltr'>pudori.</span> 
     </span>
    </p>

    <p class='ocr_par' dir='ltr' id='par_1_30' title="bbox 143 3193 994 3365">
     <span class='ocr_line' id='line_1_35' title="bbox 143 3193 994 3282; baseline -0.004 -20"><span class='ocrx_word' id='word_1_240' title='bbox 143 3207 259 3282; x_wconf 78' lang='lat' dir='ltr'>scripta</span> <span class='ocrx_word' id='word_1_241' title='bbox 276 3195 392 3264; x_wconf 87' lang='lat' dir='ltr'>‘soror’</span> <span class='ocrx_word' id='word_1_242' title='bbox 409 3195 527 3260; x_wconf 88' lang='lat' dir='ltr'>fuerat:</span> <span class='ocrx_word' id='word_1_243' title='bbox 546 3193 650 3258; x_wconf 88' lang='lat' dir='ltr'>visum</span> <span class='ocrx_word' id='word_1_244' title='bbox 667 3203 716 3259; x_wconf 90' lang='lat' dir='ltr'>est</span> <span class='ocrx_word' id='word_1_245' title='bbox 732 3194 837 3260; x_wconf 90' lang='lat' dir='ltr'>delere</span> <span class='ocrx_word' id='word_1_246' title='bbox 855 3214 994 3260; x_wconf 85' lang='lat' dir='ltr'>sororem</span> 
     </span>
     <span class='ocr_line' id='line_1_36' title="bbox 144 3278 830 3365; baseline -0.003 -19"><span class='ocrx_word' id='word_1_247' title='bbox 144 3282 305 3365; x_wconf 89' lang='lat' dir='ltr'>verbaque</span> <span class='ocrx_word' id='word_1_248' title='bbox 322 3280 470 3352; x_wconf 87' lang='lat' dir='ltr'>correctis</span> <span class='ocrx_word' id='word_1_249' title='bbox 487 3278 626 3344; x_wconf 89' lang='lat' dir='ltr'>incidere</span> <span class='ocrx_word' id='word_1_250' title='bbox 644 3280 720 3344; x_wconf 90' lang='lat' dir='ltr'>talia</span> <span class='ocrx_word' id='word_1_251' title='bbox 737 3278 830 3344; x_wconf 75' lang='lat' dir='ltr'>aerior</span> 
     </span>
    </p>

    <p class='ocr_par' dir='ltr' id='par_1_31' title="bbox 143 3364 1230 3621">
     <span class='ocr_line' id='line_1_37' title="bbox 143 3364 1161 3450; baseline -0.003 -19"><span class='ocrx_word' id='word_1_252' title='bbox 143 3374 267 3450; x_wconf 90' lang='lat' dir='ltr'>‘quam‚</span> <span class='ocrx_word' id='word_1_253' title='bbox 284 3365 346 3431; x_wconf 88' lang='lat' dir='ltr'>nisi</span> <span class='ocrx_word' id='word_1_254' title='bbox 362 3377 399 3431; x_wconf 91' lang='lat' dir='ltr'>tu</span> <span class='ocrx_word' id='word_1_255' title='bbox 416 3365 550 3442; x_wconf 90' lang='lat' dir='ltr'>dederis,</span> <span class='ocrx_word' id='word_1_256' title='bbox 568 3386 633 3430; x_wconf 93' lang='lat' dir='ltr'>non</span> <span class='ocrx_word' id='word_1_257' title='bbox 651 3375 698 3429; x_wconf 90' lang='lat' dir='ltr'>est</span> <span class='ocrx_word' id='word_1_258' title='bbox 715 3364 863 3430; x_wconf 90' lang='lat' dir='ltr'>habitura</span> <span class='ocrx_word' id='word_1_259' title='bbox 879 3364 1025 3442; x_wconf 86' lang='lat' dir='ltr'>salutem,</span> <span class='ocrx_word' id='word_1_260' title='bbox 1158 3431 1161 3441; x_wconf 29' lang='lat'><strong>⁴</strong></span> 
     </span>
     <span class='ocr_line' id='line_1_38' title="bbox 143 3449 1230 3536; baseline 0.001 -20"><span class='ocrx_word' id='word_1_261' title='bbox 143 3451 227 3517; x_wconf 90' lang='lat' dir='ltr'>hanc</span> <span class='ocrx_word' id='word_1_262' title='bbox 243 3450 300 3515; x_wconf 89' lang='lat' dir='ltr'>tibi</span> <span class='ocrx_word' id='word_1_263' title='bbox 318 3450 414 3516; x_wconf 90' lang='lat' dir='ltr'>mittit</span> <span class='ocrx_word' id='word_1_264' title='bbox 431 3472 551 3520; x_wconf 69' lang='lat' dir='ltr'>amans,</span> <span class='ocrx_word' id='word_1_265' title='bbox 593 3450 704 3536; x_wconf 92' lang='lat' dir='ltr'>pudet,</span> <span class='ocrx_word' id='word_1_266' title='bbox 722 3449 756 3514; x_wconf 83' lang='lat' dir='ltr'>ai</span> <span class='ocrx_word' id='word_1_267' title='bbox 774 3450 873 3536; x_wconf 91' lang='lat' dir='ltr'>pudet</span> <span class='ocrx_word' id='word_1_268' title='bbox 890 3450 984 3515; x_wconf 91' lang='lat' dir='ltr'>edere</span> <span class='ocrx_word' id='word_1_269' title='bbox 1001 3472 1128 3517; x_wconf 84' lang='lat' dir='ltr'>nomen.</span> <span class='ocrx_word' id='word_1_270' title='bbox 1157 3493 1159 3497; x_wconf 27' lang='grc' dir='ltr'><strong><em>ι</em></strong></span> <span class='ocrx_word' id='word_1_271' title='bbox 1226 3521 1230 3530; x_wconf 56' lang='grc'><strong><em>,</em></strong></span> 
     </span>
     <span class='ocr_line' id='line_1_39' title="bbox 143 3534 1009 3621; baseline 0 -20"><span class='ocrx_word' id='word_1_272' title='bbox 143 3547 176 3601; x_wconf 89' lang='lat' dir='ltr'>et</span> <span class='ocrx_word' id='word_1_273' title='bbox 193 3535 235 3614; x_wconf 89' lang='lat' dir='ltr'>si,</span> <span class='ocrx_word' id='word_1_274' title='bbox 251 3534 487 3621; x_wconf 71' lang='lat' dir='ltr'>quid&#39;oupiam,</span> <span class='ocrx_word' id='word_1_275' title='bbox 505 3534 646 3619; x_wconf 84' lang='lat' dir='ltr'>quaeris,</span> <span class='ocrx_word' id='word_1_276' title='bbox 665 3534 733 3601; x_wconf 88' lang='lat' dir='ltr'>sine</span> <span class='ocrx_word' id='word_1_277' title='bbox 750 3534 878 3601; x_wconf 90' lang='lat' dir='ltr'>nomine</span> <span class='ocrx_word' id='word_1_278' title='bbox 895 3536 1009 3601; x_wconf 91' lang='lat' dir='ltr'>vellem</span> 
     </span>
    </p>

    <p class='ocr_par' dir='ltr' id='par_1_32' title="bbox 142 3620 975 3707">
     <span class='ocr_line' id='line_1_40' title="bbox 142 3620 975 3707; baseline -0.002 -20"><span class='ocrx_word' id='word_1_279' title='bbox 142 3632 250 3707; x_wconf 89' lang='lat' dir='ltr'>posset</span> <span class='ocrx_word' id='word_1_280' title='bbox 267 3620 320 3707; x_wconf 87' lang='lat' dir='ltr'>agi</span> <span class='ocrx_word' id='word_1_281' title='bbox 336 3642 408 3696; x_wconf 89' lang='lat' dir='ltr'>mea</span> <span class='ocrx_word' id='word_1_282' title='bbox 425 3642 522 3685; x_wconf 87' lang='lat' dir='ltr'>causa</span> <span class='ocrx_word' id='word_1_283' title='bbox 538 3642 621 3697; x_wconf 87' lang='lat' dir='ltr'>meo,</span> <span class='ocrx_word' id='word_1_284' title='bbox 639 3642 700 3686; x_wconf 91' lang='lat' dir='ltr'>nec</span> <span class='ocrx_word' id='word_1_285' title='bbox 717 3620 845 3706; x_wconf 84' lang='lat' dir='ltr'>cognita</span> <span class='ocrx_word' id='word_1_286' title='bbox 860 3620 975 3706; x_wconf 85' lang='lat' dir='ltr'>Byblis</span> 
     </span>
    </p>

    <p class='ocr_par' dir='ltr' id='par_1_33' title="bbox 143 3705 957 3791">
     <span class='ocr_line' id='line_1_41' title="bbox 143 3705 957 3791; baseline -0.001 -18"><span class='ocrx_word' id='word_1_287' title='bbox 143 3718 215 3773; x_wconf 87' lang='lat' dir='ltr'>ante</span> <span class='ocrx_word' id='word_1_288' title='bbox 232 3705 348 3784; x_wconf 92' lang='lat' dir='ltr'>forem,</span> <span class='ocrx_word' id='word_1_289' title='bbox 366 3727 462 3789; x_wconf 88' lang='lat' dir='ltr'>quam</span> <span class='ocrx_word' id='word_1_290' title='bbox 480 3727 551 3791; x_wconf 87' lang='lat' dir='ltr'>spes</span> <span class='ocrx_word' id='word_1_291' title='bbox 568 3715 716 3772; x_wconf 86' lang='lat' dir='ltr'>votorum</span> <span class='ocrx_word' id='word_1_292' title='bbox 733 3716 819 3771; x_wconf 88' lang='lat' dir='ltr'>certa</span> <span class='ocrx_word' id='word_1_293' title='bbox 835 3705 957 3772; x_wconf 83' lang='lat' dir='ltr'>fuisset</span> 
     </span>
    </p>

    <p class='ocr_par' dir='ltr' id='par_1_34' title="bbox 142 3789 932 3878">
     <span class='ocr_line' id='line_1_42' title="bbox 142 3789 932 3878; baseline -0.003 -20"><span class='ocrx_word' id='word_1_294' title='bbox 142 3814 211 3858; x_wconf 87' lang='lat' dir='ltr'>esse</span> <span class='ocrx_word' id='word_1_295' title='bbox 228 3790 357 3875; x_wconf 90' lang='lat' dir='ltr'>quidem</span> <span class='ocrx_word' id='word_1_296' title='bbox 374 3790 452 3856; x_wconf 85' lang='lat' dir='ltr'>laesi</span> <span class='ocrx_word' id='word_1_297' title='bbox 468 3801 591 3876; x_wconf 89' lang='lat' dir='ltr'>poterat</span> <span class='ocrx_word' id='word_1_298' title='bbox 608 3790 666 3856; x_wconf 93' lang='lat' dir='ltr'>tibi</span> <span class='ocrx_word' id='word_1_299' title='bbox 682 3790 818 3878; x_wconf 85' lang='lat' dir='ltr'>pectoris</span> <span class='ocrx_word' id='word_1_300' title='bbox 835 3789 932 3857; x_wconf 85' lang='lat' dir='ltr'>index</span> 
     </span>
    </p>
   </div>
   <div class='ocr_carea' id='block_1_3' title="bbox 27 3875 923 3962">
    <p class='ocr_par' dir='ltr' id='par_1_35' title="bbox 27 3875 923 3962">
     <span class='ocr_line' id='line_1_43' title="bbox 27 3875 923 3962; baseline -0.001 -19"><span class='ocrx_word' id='word_1_301' title='bbox 27 3913 30 3916; x_wconf 94' lang='lat'>·</span> <span class='ocrx_word' id='word_1_302' title='bbox 143 3889 174 3944; x_wconf 91' lang='lat' dir='ltr'>et</span> <span class='ocrx_word' id='word_1_303' title='bbox 191 3878 277 3942; x_wconf 87' lang='lat' dir='ltr'>color</span> <span class='ocrx_word' id='word_1_304' title='bbox 294 3888 326 3942; x_wconf 90' lang='lat' dir='ltr'>et</span> <span class='ocrx_word' id='word_1_305' title='bbox 342 3875 459 3950; x_wconf 86' lang='lat' dir='ltr'>macies</span> <span class='ocrx_word' id='word_1_306' title='bbox 478 3886 510 3941; x_wconf 89' lang='lat' dir='ltr'>et</span> <span class='ocrx_word' id='word_1_307' title='bbox 526 3877 633 3942; x_wconf 89' lang='lat' dir='ltr'>vultus</span> <span class='ocrx_word' id='word_1_308' title='bbox 651 3886 682 3941; x_wconf 89' lang='lat' dir='ltr'>et</span> <span class='ocrx_word' id='word_1_309' title='bbox 699 3875 809 3941; x_wconf 89' lang='lat' dir='ltr'>umida</span> <span class='ocrx_word' id='word_1_310' title='bbox 827 3897 923 3962; x_wconf 89' lang='lat' dir='ltr'>saepe</span> 
     </span>
    </p>
   </div>
   <div class='ocr_carea' id='block_1_4' title="bbox 141 3959 940 4134">
    <p class='ocr_par' dir='ltr' id='par_1_36' title="bbox 141 3959 940 4134">
     <span class='ocr_line' id='line_1_44' title="bbox 141 3959 871 4047; baseline -0.003 -20"><span class='ocrx_word' id='word_1_311' title='bbox 141 3962 277 4038; x_wconf 89' lang='lat' dir='ltr'>lumina,</span> <span class='ocrx_word' id='word_1_312' title='bbox 294 3984 354 4029; x_wconf 90' lang='lat' dir='ltr'>nec</span> <span class='ocrx_word' id='word_1_313' title='bbox 371 3983 468 4036; x_wconf 81' lang='lat' dir='ltr'>causa</span> <span class='ocrx_word' id='word_1_314' title='bbox 484 3960 619 4047; x_wconf 85' lang='lat' dir='ltr'>suspiria</span> <span class='ocrx_word' id='word_1_315' title='bbox 636 3971 723 4026; x_wconf 92' lang='lat' dir='ltr'>mota</span> <span class='ocrx_word' id='word_1_316' title='bbox 739 3959 871 4046; x_wconf 90' lang='lat' dir='ltr'>patenti,</span> 
     </span>
     <span class='ocr_line' id='line_1_45' title="bbox 141 4045 940 4134; baseline -0.008 -16"><span class='ocrx_word' id='word_1_317' title='bbox 141 4060 173 4118; x_wconf 91' lang='lat' dir='ltr'>et</span> <span class='ocrx_word' id='word_1_318' title='bbox 191 4047 292 4115; x_wconf 90' lang='lat' dir='ltr'>crebri</span> <span class='ocrx_word' id='word_1_319' title='bbox 310 4048 489 4134; x_wconf 83' lang='lat' dir='ltr'>amplexus,</span> <span class='ocrx_word' id='word_1_320' title='bbox 506 4056 539 4112; x_wconf 88' lang='lat' dir='ltr'>et</span> <span class='ocrx_word' id='word_1_321' title='bbox 555 4067 653 4132; x_wconf 87' lang='lat' dir='ltr'>quae,</span> <span class='ocrx_word' id='word_1_322' title='bbox 671 4045 699 4112; x_wconf 85' lang='lat' dir='ltr'>si</span> <span class='ocrx_word' id='word_1_323' title='bbox 716 4046 797 4112; x_wconf 88' lang='lat' dir='ltr'>forte</span> <span class='ocrx_word' id='word_1_324' title='bbox 814 4045 940 4127; x_wconf 85' lang='lat' dir='ltr'>notasti,</span> 
     </span>
    </p>
   </div>
   <div class='ocr_carea' id='block_1_5' title="bbox 0 0 1408 4500">
    <p class='ocr_par' dir='ltr' id='par_1_37' title="bbox 0 0 1408 4500">
     <span class='ocr_line' id='line_1_46' title="bbox 0 0 1408 4500; baseline 0 0"><span class='ocrx_word' id='word_1_325' title='bbox 0 0 1408 4500; x_wconf 95' lang='lat' dir='ltr'> </span> 
     </span>
    </p>
   </div>
  </div>
 </body>
</html>
