2800 4500
187 244 554 308 lIIlTAMORPHOSEON
569 245 642 305 LlB.
656 245 735 307 VIII.
753 249 898 308 803-875.
915 247 968 307 IX.
985 249 1078 308 1-11.
1102 235 1165 306 145

144 397 220 442 aera
236 374 307 440 cibo
325 375 422 451 celas,
439 375 619 441 moderator
633 373 849 452 harundinis,'’
865 375 977 461 inquit,

145 460 216 526 “sio
233 483 319 525 mare
337 482 407 526 corn
430 461 560 538 coitum,
579 460 625 525 sic
642 460 683 525 sit
699 460 757 524 tibi
774 461 869 546 piscis
886 462 920 526 in
936 462 1024 528 unda

145 546 292 612 credulus
309 556 341 611 et
357 570 379 611 n
425 568 475 623 os,
492 546 554 610 nisi
570 547 667 622 fixus,
686 546 800 611 sentiat
816 546 942 612 hamos:

145 653 227 714 quae
244 632 338 697 modo
356 654 429 696 cum
447 632 503 697 vili
519 632 652 696 turbatis
669 642 758 697 veste
776 631 896 718 capillis
1180 653 1232 705 850

144 717 235 782 litore
252 717 286 780 in
302 717 363 782 hoc
379 727 509 784 steterat
525 715 615 800 (nam
632 726 767 781 stantem
784 717 924 782 inlitora
942 718 1033 802 vidi),

146 801 197 866 dic
213 801 270 866 ubi
286 802 336 868 sit.
380 824 483 887 neque
501 803 585 867 enim
602 801 736 888 vestigia
752 802 879 889 longius
896 803 1034 868 extant.”

144 887 199 951 illa
216 886 267 952 dei
284 910 400 952 munus
417 887 498 955 benc
515 887 627 955 cedere
645 887 757 964 sensit,
774 899 807 952 et
822 912 842 952 a
858 911 893 954 se

145 994 180 1037 se
196 973 306 1055 quaeri
322 974 476 1059 gaudens,
493 972 543 1038 his
560 983 609 1038 est
624 983 769 1039 resecuta
784 984 964 1074 rogantemz

145 1057 313 1141 “quisquis
324 1081 380 1135 es,
395 1059 557 1144 ignoscam
574 1059 608 1122 in
624 1059 745 1123 nullam
761 1059 882 1123 lumrna
897 1069 1020 1145 partem
1182 1079 1232 1131 865

144 1143 272 1228 gurgite
289 1143 331 1207 ab
348 1142 410 1208 hoc
426 1144 513 1220 flexi,
532 1143 699 1227 studioque
717 1154 863 1228 operatus
880 1145 1011 1210 inhaesi.

144 1248 273 1311 quoque
288 1227 394 1293 minus
411 1228 546 1305 dubites,
564 1229 610 1294 sic
625 1228 683 1293 has
702 1229 780 1294 deus
798 1230 945 1313 aequoris
963 1240 1047 1295 artes

144 1312 286 1391 adiuvet,
303 1324 340 1378 ut
355 1336 449 1380 nemo
465 1313 650 1379 iamdudum
667 1314 757 1379 litore
772 1314 804 1379 in
822 1315 893 1393 isto,

144 1420 195 1462 me
213 1408 320 1464 tamen
337 1410 479 1485 excepto,
496 1420 555 1465 nec
572 1399 690 1465 femina
707 1400 845 1464 constitit
861 1400 957 1465 ulla.''

145 1482 277 1548 credidit
294 1497 325 1548 et
342 1506 434 1549 verso
452 1484 596 1549 dominus
637 1484 695 1550 ede
712 1485 827 1570 pressit
843 1485 994 1550 harenam
1180 1503 1232 1558 aco
1294 1564 1297 1569 Α

145 1569 315 1651 elususque
332 1569 423 1634 abiit:
440 1570 486 1634 illi
503 1593 561 1635 sua
577 1507 701 1635 reddita
717 1571 821 1635 forma
837 1582 895 1638 est.

144 1663 194 1718 ast
210 1653 266 1718 ubi
282 1654 399 1720 habere
416 1677 507 1720 suam
525 1655 727 1720 transformia
743 1677 875 1741 corpora
891 1657 999 1733 sensit,

144 1761 239 1824 saepe
256 1751 345 1825 pater
362 1739 498 1805 dominis
515 1739 687 1828 Triopeida
704 1741 809 1806 tradit
852 1742 956 1807 atillo

142 1846 228 1889 nunc
245 1845 343 1908 equa,
360 1846 446 1890 nunc
463 1826 543 1903 ales,
560 1826 656 1890 modo
674 1825 742 1902 bos,
759 1825 853 1890 modo
871 1849 984 1891 cervus
1001 1827 1110 1894 abibat

142 1905 378 1996 praebebatque
395 1910 489 1975 avido
506 1932 570 1975 non
586 1911 671 1976 iusta
687 1911 835 1976 alimenta
852 1912 984 1996 parenti.
1179 1933 1230 1985 865

143 1994 191 2058 vis
208 2006 314 2061 tamen
331 1996 386 2059 illa
403 1995 478 2059 mali
494 2006 662 2081 postquam
680 2007 918 2081 consumpserat
935 2017 1061 2061 omnem

142 2079 317 2158 materiam,
345 2081 517 2163 derantque
533 2080 625 2166 gravi
641 2101 725 2145 nova
741 2080 860 2167 pabula
875 2081 997 2159 morbo,

143 2165 211 2251 ipse
229 2185 303 2229 suos
314 2174 408 2229 artus
425 2165 529 2228 lacero
547 2164 696 2230 divellere
713 2187 820 2230 morsu

143 2248 246 2398 coepit
263 2260 296 2316 et
311 2244 422 2315 infelix
437 2250 609 2316 minuendo
627 2273 664 2316 co
702 2274 741 2316 us
758 2252 872 2318 alebat

143 2335 198 2419 qui
237 2356 343 2399 moror
360 2335 515 2401 externis?
531 2335 627 2401 ctiam
644 2359 687 2400 mr
710 2337 850 2423 inempe
867 2338 1006 2404 novandi
1024 2345 1072 2403 est
1179 2355 1230 2410 870

143 2420 297 2505 corporis,
315 2441 334 2484 ο
351 2420 487 2503 iuvenis,
512 2443 644 2486 numero
662 2421 751 2487 finita
767 2432 917 2508 potestas.

142 2528 217 2570 nam
233 2504 328 2570 modo
345 2505 401 2588 qui
417 2526 502 2570 nunc
519 2529 590 2571 sum
606 2506 729 2571 videor:
746 2508 841 2571 modo
859 2507 968 2572 flector
983 2506 1017 2571 in
1035 2531 1187 2594 anguem:

142 2590 276 2656 armenti
292 2592 388 2655 modo
405 2590 472 2656 dux
488 2590 570 2657 vires
586 2592 621 2657 in
637 2614 757 2656 cornua
773 2608 879 2657 sumor
895 2628 939 2641 —

142 2696 275 2754 cornua,
293 2675 370 2741 dum
386 2676 490 2761 potui:
506 2698 592 2741 nunc
605 2683 682 2763 'pars
700 2687 786 2743 caret
802 2678 901 2742 altera
917 2678 979 2742 telo

142 2759 269 2840 frontis,
284 2771 321 2827 ut
337 2760 405 2847 ipse
422 2761 531 2826 vides?
574 2761 712 2848 gemitus
729 2773 803 2827 sunt
818 2762 916 2827 verba
933 2762 1043 2828 secuti.
1179 2783 1229 2833 875

514 3029 630 3086 LIBER
646 3031 775 3089 NONUS

143 3185 237 3268 Quae
253 3188 390 3273 gemitus
407 3198 602 3271 truncaeque
619 3187 679 3253 deo
697 3188 878 3274 Neptunius
895 3188 987 3255 heros
1067 3188 1229 3248 Acheloum

143 3293 240 3336 causa
256 3286 348 3358 rogat
363 3273 486 3338 frontis.
509 3294 583 3337 cum
600 3273 646 3337 sic
665 3270 861 3357 Calydonius
879 3275 980 3338 amnis
1073 3257 1131 3309 Her
1131 3258 1209 3309 wlff·

142 3356 261 3442 coepit,
276 3357 435 3422 inornatos
451 3356 616 3424 redimitus
633 3357 809 3424 harundine
827 3359 943 3424 onnes:

142 3441 245 3505 ‘triste
262 3441 343 3526 petis
359 3463 485 3506 munus.
528 3441 599 3526 quis
617 3443 702 3508 enirn
719 3466 777 3508 sua
793 3444 914 3529 proelia
930 3444 1033 3510 victus

142 3546 388 3592 commemorare
405 3526 498 3592 velit?
523 3526 660 3593 referam
675 3539 783 3595 tamen
799 3528 918 3594 ordine.
961 3541 1105 3595 nectam
1176 3550 1192 3599 5

142 3619 234 3696 turpe
251 3610 312 3675 fuit
329 3610 428 3687 vinci,
445 3631 543 3694 quarn
558 3613 757 3679 contendisse
774 3614 923 3679 decorum
940 3624 1002 3692 est3

141 3716 321 3780 magnaque
338 3695 393 3761 dat
408 3696 500 3761 nobis
517 3706 622 3763 tantus
639 3699 757 3764 solacia
774 3699 882 3763 victor.

141 3780 268 3853 numius
285 3780 313 3847 si
328 3802 394 3866 qua
410 3803 468 3847 suo
486 3783 582 3848 fando
599 3783 744 3869 pervenit
761 3785 802 3848 ad
820 3806 912 3850 aures

140 3864 294 3931 Deianira
310 3878 395 3932 tuas:
414 3867 576 3951 quondam
592 3868 804 3953 pulcherrima
820 3870 922 3955 virgo,

140 3952 375 4036 multorumque
391 3952 452 4017 fuit
468 3971 541 4052 spes
557 3951 714 4016 invidiosa
730 3973 908 4052 procorum.

139 4058 212 4103 cum
231 4037 345 4121 quibus
363 4049 399 4103 ut
415 4057 516 4118 soceri,
534 4038 646 4102 domus
664 4049 712 4103 est
728 4047 844 4104 rntrata
859 4040 959 4126 petiti,
1099 4109 1103 4116 ,

190 4136 257 4187 aaa
267 4136 305 4182 ou.
314 4136 345 4182 11.
953 4138 990 4200 10
