2800 4500
320 273 688 333 nrnrnuonprrosuou
704 275 778 331 nra.
796 275 834 330 n.
852 275 979 332 42-12a
1120 261 1161 330 21

139 399 173 467 in
189 409 339 488 promptu
355 422 467 486 regere
484 410 541 466 est.
584 399 638 464 vix
655 422 707 465 me
724 399 897 485 patiuntur,
914 400 970 465 nbi
988 421 1077 466 aeres

138 486 299 554 incaluere
317 485 428 564 animi,
446 485 616 569 cervixque
632 495 790 585 repugnat
805 485 948 553 habenis.

140 585 174 639 at
190 584 225 638 tu
230 620 240 651 ,
257 571 375 638 funesti
392 594 433 637 ne
450 571 510 636 sim
527 571 585 636 tibi
602 592 742 636 munens
759 583 880 649 auctor,
910 571 914 581 ¹

139 670 228 736 nate,
246 679 338 734 cave,
358 657 434 725 dum
450 678 564 741 resque
582 656 670 734 sinit,
688 666 744 720 tua
761 656 883 742 corrige
900 668 985 723 vota.

141 745 260 810 sedicet
276 754 313 808 ut
328 753 436 808 nostro
453 743 595 829 genitum
613 753 645 807 te
662 741 818 828 sanguine
835 743 957 820 eredas,

140 831 275 918 pignora
292 839 379 895 certa
395 829 495 914 petis?
529 828 571 894 do
587 827 722 913 pignora
739 838 826 893 certa
842 828 992 905 timendo,

141 927 174 982 et
191 915 292 1001 patrio
309 926 400 1000 pater
418 936 487 980 esse
504 924 591 979 metu
608 912 735 998 probor.
779 914 886 998 aspice
903 914 1010 979 vultus

141 1023 216 1067 eece
232 999 333 1066 meosl
359 1000 544 1083 utinamque
562 1000 670 1064 oculos
687 999 721 1063 in
737 1009 867 1084 pectora
882 1020 992 1084 posses

139 1086 279 1153 inserere
296 1096 328 1151 et
344 1086 462 1186 patrias
479 1086 564 1150 intus
583 1083 777 1170 deprendere
795 1083 902 1150 curas!
1048 1098 1051 1103 ’

141 1172 279 1256 denique
298 1171 451 1256 quicquid
467 1170 565 1236 habet
583 1170 686 1247 dives,
705 1169 927 1256 circumspice,
944 1170 1093 1248 mundus,

141 1279 224 1342 eque
241 1267 289 1322 tot
305 1278 343 1322 ac
359 1256 455 1321 tantis
473 1257 552 1322 caeli
569 1267 736 1339 terraeque
752 1255 912 1339 marisque

140 1365 238 1430 posce
255 1342 345 1407 bonis
363 1341 496 1425 aliquid:
514 1341 634 1407 nullam
651 1340 773 1427 patiere
789 1342 959 1427 repulsam

141 1430 294 1516 deprecor
310 1427 372 1492 hoc
387 1450 501 1503 unum,
519 1427 605 1511 quod
621 1449 697 1494 vero
715 1427 842 1492 nomine
858 1449 972 1513 poena,

140 1537 205 1581 non
222 1513 324 1578 honor
340 1523 402 1578 est:
418 1535 570 1600 poenam,
586 1512 769 1589 Pha'e'thon,
786 1535 845 1599 pro
862 1535 993 1578 munere
1010 1513 1128 1599 poscis!

141 1600 220 1685 qnid
237 1621 308 1664 mea
326 1599 407 1663 colla
424 1610 512 1665 tenes
529 1599 670 1676 blandis,
687 1598 812 1684 ignare,
830 1598 976 1664 lacertis?

141 1709 182 1752 ne
201 1685 324 1761 dubita;
343 1684 530 1750 dabitur-
546 1682 678 1770 Stygias
696 1683 870 1749 iuravimus
886 1684 990 1749 undas
1006 1720 1050 1732 -

141 1771 364 1856 quodcumque
382 1770 514 1855 optaris:
532 1771 589 1835 sed
605 1781 641 1834 tu
660 1769 833 1855 sapientius
851 1769 946 1855 opta'

140 1857 266 1923 finierat
282 1855 431 1921 monitus.
475 1855 566 1920 dictis
583 1867 691 1920 tamen
707 1855 760 1919 ille
777 1866 934 1941 repugnat

140 1941 401 2030 propositumque
418 1941 533 2026 premit
548 1940 726 2026 flagratque
743 1940 892 2026 cupidine
909 1962 1030 2006 currus.

142 2049 219 2113 ergo
237 2048 301 2110 qua
316 2026 405 2091 licuit
421 2026 547 2112 genitor
563 2036 745 2102 cunctatus,
762 2026 805 2090 ad
822 2027 902 2090 altos

142 2112 271 2179 deducit
287 2112 449 2190 iuvenem,
467 2111 623 2179 Volcania
639 2133 786 2187 munera,
805 2132 925 2175 currus.

144 2220 259 2265 aureus
277 2197 345 2263 axis
363 2209 444 2276 erat,
462 2208 546 2264 temo
564 2219 694 2273 aureus,
713 2219 810 2262 aurea
827 2219 969 2263 summae

143 2294 312 2350 curvatura
328 2295 429 2361 rotae,
448 2284 608 2349 radiorum
625 2293 795 2368 argenteus
812 2284 899 2347 orde.

143 2392 202 2458 per
218 2369 295 2454 iuga
311 2369 495 2454 chrysolithi
534 2369 696 2452 ositaeque
715 2392 754 2435 ex
772 2368 881 2433 ordine
899 2391 1045 2453 gemmae

142 2456 229 2521 clara
245 2476 431 2540 repercusso
447 2393 623 2520 reddebant
639 2454 760 2520 lumina
776 2454 921 2519 Phoebo.

142 2542 283 2624 dumque
301 2563 338 2605 ea
355 2541 575 2626 magnanimus
592 2539 761 2605 Phaethon
778 2540 910 2604 miratur
927 2561 1071 2626 opusque

141 2625 305 2714 perspicit,
324 2648 398 2692 ecce
414 2626 492 2711 vigil
505 2626 605 2691 nitido
621 2625 773 2711 patefecit
790 2626 831 2690 ab
849 2637 921 2690 ortu

141 2733 317 2798 purpureas
334 2712 463 2776 Aurora
479 2710 564 2775 fores
581 2721 613 2775 et
629 2712 724 2796 plena
740 2733 884 2776 rosarum

143 2797 232 2863 atria.
276 2796 449 2881 diffugiunt
466 2796 589 2873 stellae,
606 2816 743 2879 quarum
760 2796 889 2882 agmina
906 2796 992 2882 cogit
1041 2835 1044 2839 ⁴

142 2881 285 2960 Lucifer,
302 2892 335 2946 et
351 2881 429 2947 caeli
447 2882 580 2946 statione
597 2881 787 2946 novissimus
805 2881 879 2946 exit.

142 2989 237 3052 quem
254 2977 362 3053 petere
379 2979 414 3033 ut
432 2977 531 3031 terras
549 2967 766 3050 mundumque
783 2967 950 3032 rubescere
968 2966 1048 3031 vidit

143 3074 323 3137 cornuaque
341 3064 501 3118 extremae
518 3053 606 3118 velut
623 3074 812 3117 evanescere
829 3052 934 3128 lunae,

142 3138 275 3223 iungere
292 3159 391 3221 equos
408 3138 504 3202 Titan
521 3138 682 3203 velocibus
700 3137 835 3223 imperat
850 3138 959 3202 Horis.

141 3223 229 3288 iussa
246 3222 323 3287 deae
341 3225 458 3289 celeres
475 3228 646 3309 peragunt,
664 3222 835 3308 ignemque
851 3234 1014 3288 vomentes
1055 3224 1057 3226 ’

142 3308 318 3374 ambrosiae
335 3330 412 3373 suco
430 3319 553 3373 saturos
570 3308 777 3394 praesepibus
794 3308 866 3373 altis

142 3393 363 3479 quadrupedes
382 3395 502 3459 ducunt
519 3394 704 3476 adduntque
721 3393 866 3458 sonantia
882 3393 982 3458 frena.

141 3490 209 3544 turn
226 3491 317 3566 pater
333 3501 390 3544 ora
406 3479 456 3543 sui
473 3500 563 3544 sacro
581 3479 789 3545 medicamine
805 3478 873 3543 nati

141 3565 273 3650 contigit
291 3575 323 3629 et
339 3563 469 3650 rapidae
486 3564 561 3630 feeit
577 3564 730 3650 patientia
745 3565 892 3629 flammae

139 3650 354 3736 imposuitque
372 3672 482 3715 comae
498 3649 603 3715 radios
621 3670 839 3735 praesagaque
854 3650 959 3714 luctus

138 3749 268 3823 pectore
286 3734 419 3800 sollicito
436 3746 581 3819 repetens
599 3734 733 3821 suspiria
750 3733 843 3799 dixit:

139 3822 181 3886 ‘si
199 3833 291 3906 potes
307 3819 357 3885 his
375 3820 487 3885 saltem
503 3820 630 3885 monitis
647 3843 758 3906 parere
775 3820 924 3905 parentis,

138 3928 251 3995 parce,
268 3928 356 3990 puer,
375 3904 509 3970 stimulis
527 3916 559 3970 et
574 3905 687 3970 fortius
704 3915 793 3969 utere
810 3904 895 3970 loris.

139 4001 253 4075 sponte
271 4012 329 4054 sua
345 4000 531 4076 properant:
548 3990 638 4056 labor
655 4001 703 4055 est
719 3989 861 4054 inhibere
878 3990 1029 4057 volantes.

138 4096 200 4146 nec
218 4074 276 4140 tibi
294 4074 428 4143 directos
445 4077 570 4167 placeat
587 4075 639 4144 via
656 4076 797 4166 quinque
813 4098 871 4166 per
888 4099 990 4148 arcus.
