2800 4500
311 268 679 330 uurauomuoarou
696 266 770 324 ars.
790 266 838 321 vr.
857 264 1002 323 raa-aso.
1119 222 1168 317 '95

146 399 199 464 ille
224 409 258 464 ut
285 408 353 464 erat
370 418 487 482 pronus
537 417 571 458 er
594 415 686 457 crura
702 390 841 456 admissa
856 389 1012 472 iubasque

149 484 285 549 volvitur
302 493 334 548 et
350 481 453 548 calido
470 419 615 545 tellhrem
633 477 788 562 sanguine
805 475 922 541 foedat.

147 569 342 635 Phaedimus
359 566 470 632 infelix
487 576 519 630 et
536 564 612 628 aviti
629 562 764 626 nominis
781 561 873 625 heres

147 655 317 731 Tantalus,
335 665 372 717 ut
389 651 481 717 solito
496 649 593 715 finem
609 649 787 734 imposuere
804 645 916 721 labori,

148 739 335 805 transierant
351 737 394 813 ad
410 759 491 823 opus
507 735 625 800 nitidae
642 733 789 798 iuvenale
805 731 995 817 palaestrae:

148 839 180 891 et
197 825 260 889 iam
278 824 476 890 contulerant
492 833 561 887 arto
577 819 730 885 luctantia
746 840 832 882 nexu

148 920 276 996 pectora
293 908 488 996 pectoribus,
506 928 580 971 cum
596 916 683 970 teuto
700 903 824 969 concita
840 922 949 979 nervo,

150 996 232 1061 sicut
248 1007 337 1061 erant
353 993 467 1070 iuncti,
485 990 608 1056 traiecit
623 1001 794 1072 utrumque
812 987 937 1073 sagitta.

73 1154 78 1161 ,
149 1080 332 1166 ingemuere
351 1078 444 1144 simul
449 1125 459 1155 ,
476 1078 571 1142 simul
587 1078 753 1140 incurvata
770 1073 878 1138 dolore

149 1165 293 1231 membra
308 1165 375 1230 solo
392 1185 540 1250 posuere,
558 1161 651 1226 simul
669 1182 818 1244 suprema
834 1159 972 1224 iacentes

149 1251 270 1316 lumina
285 1261 466 1325 versarent,
484 1249 621 1312 animam
639 1245 734 1311 simul
751 1245 927 1309 exalarunt.

150 1335 262 1421 aspicit
278 1335 454 1421 Alphenor,
472 1334 652 1416 laniataque
668 1342 798 1418 pectora
815 1329 969 1415 plangens

151 1422 293 1497 advolat,
311 1433 349 1486 ut
364 1420 485 1506 gelidos
503 1416 722 1505 complexibus
740 1416 855 1481 allevet
871 1425 969 1491 artus,

149 1508 246 1591 inque
263 1506 316 1593 pio
333 1506 418 1571 cadit
434 1504 549 1569 officio.
592 1526 668 1568 nam
684 1500 799 1566 Delius
815 1500 862 1565 illi

149 1591 261 1657 intima
277 1591 403 1657 fatifero
420 1590 507 1676 rupit
522 1587 708 1675 praecordia
725 1587 819 1653 ferro.

147 1680 233 1762 quod
250 1679 344 1743 simul
362 1680 511 1743 eductum
529 1689 586 1754 est,
605 1700 678 1763 pars
696 1689 744 1741 est
784 1675 920 1741 ulmouis
938 1674 972 1738 in
988 1670 1090 1737 hamis

147 1769 251 1836 eruta,
269 1779 405 1842 cumque
422 1761 528 1823 anima
546 1781 639 1823 cruor
655 1768 703 1824 est
721 1780 739 1821 e
766 1781 841 1822 usus
858 1758 891 1822 in
910 1781 1014 1823 auras.

147 1855 181 1908 at
196 1865 260 1909 non
277 1843 439 1909 intonsum
456 1844 591 1929 simplex
607 1842 881 1908 Damasichthona
897 1844 1013 1908 vulnus

146 1928 255 1993 afficit.
298 1929 380 1994 ictus
398 1940 479 2005 erat,
498 1950 562 2011 qua
579 1950 651 1994 orus
670 1951 739 1993 esse
756 1928 881 2014 incipit,
899 1940 1013 2013 etqua

146 2014 254 2079 mollia
271 2037 424 2080 nervosus
441 2014 520 2079 facit
535 2013 714 2079 internodia
730 2014 851 2115 poples.

27 2156 29 2161 .
147 2099 287 2184 dumque
304 2122 401 2164 manu
418 2110 552 2185 temptat
568 2100 692 2164 trahere
710 2099 869 2163 exrt1abile
885 2096 995 2175 telum,

146 2184 246 2250 altera
262 2207 319 2272 per
335 2186 482 2272 iugulum
500 2185 610 2270 pennis
628 2197 721 2250 tenus
738 2196 810 2250 acta
827 2182 942 2269 sagitta
959 2194 1017 2250 est.

147 2270 268 2355 expulit
285 2271 366 2335 hanc
383 2271 528 2356 sanguis,
547 2294 643 2355 seque
662 2270 836 2335 eiaculatus
852 2270 886 2333 in
904 2269 1003 2334 altum

146 2355 262 2421 emicat
279 2368 311 2421 et
326 2357 422 2441 longe
438 2357 597 2421 terebrata
613 2356 736 2442 prosilit
752 2379 839 2420 aura.

145 2441 277 2506 ultimus
294 2442 434 2507 Ilioneus
450 2464 515 2506 non
532 2441 714 2527 profectura
730 2440 889 2528 precando

146 2525 295 2591 bracchia
313 2528 496 2604 sustulerat,
515 2527 639 2611 ‘di'que
657 2533 692 2591 ‘o
710 2526 919 2592 communiter
935 2523 1067 2605 omnes)

145 2612 283 2689 dixerat,
302 2613 432 2698 ignarus
448 2634 513 2676 non
530 2634 640 2678 omnes
657 2634 728 2678 esse
745 2612 915 2698 rogandos,

146 2696 312 2782 ‘parcitel'
339 2709 443 2762 motus
461 2709 543 2776 erat,
561 2721 634 2763 oum
651 2697 715 2762 iam
733 2696 911 2763 revocabile
929 2697 1027 2762 telum
1094 2776 1096 2781 Ι

146 2804 211 2846 non
228 2783 304 2860 fuit,
321 2782 521 2848 Arcitenens.
565 2782 695 2847 minimo
713 2795 820 2849 tamen
837 2782 952 2847 occidit
968 2783 1022 2847 ille
1046 2789 1048 2792 ’

145 2867 291 2945 vulnere,
309 2889 373 2933 non
391 2869 454 2933 alte
471 2890 621 2954 percusso
639 2869 734 2934 corde
752 2868 877 2955 sagitta.

156 2999 160 3007 .
187 2952 291 3017 Fama
306 2953 383 3018 mali
398 2954 572 3040 populique
589 2953 679 3017 dolor
694 2954 906 3036 lacrimaeque
924 2975 1054 3018 suorum

146 3046 213 3101 tam
231 3037 355 3103 subitae
371 3050 506 3104 matrem
524 3050 642 3104 certam
659 3038 765 3104 fecere
782 3037 894 3103 ruinae

143 3121 313 3187 mirantem
329 3125 485 3208 potuisse,
502 3124 768 3208 irascentemque,
787 3124 873 3206 quod
890 3123 959 3188 ausi
1046 3125 1048 3129 ⁴

143 3207 207 3272 hoc
224 3220 329 3273 essent
346 3209 466 3294 superi,
483 3209 572 3293 quod
587 3220 711 3274 tantum
728 3209 806 3274 iuris
824 3208 988 3274 haberent.

143 3316 220 3357 nam
236 3303 328 3379 pater
343 3294 508 3379 Amphion
524 3294 609 3361 ferro
625 3317 684 3380 per
699 3305 811 3380 pectus
829 3294 941 3358 adacto

143 3377 270 3444 finierat
286 3379 424 3443 moriens
442 3382 559 3464 pariter
575 3402 649 3445 cnm
665 3381 737 3445 luce
755 3380 905 3444 dolorem.

143 3463 208 3528 heu
226 3476 381 3547 quantum
398 3463 476 3529 haec
492 3464 598 3530 Niobe
614 3465 719 3530 Niobe
737 3464 875 3529 distabat
891 3464 932 3528 ab
949 3464 1014 3542 illa,

143 3569 227 3631 quae
244 3549 340 3614 modo
357 3549 469 3614 Latois
486 3551 639 3636 poprdum
657 3559 871 3614 summoverat
889 3550 951 3614 aris

144 3645 178 3697 et
194 3633 332 3698 mediam
349 3634 466 3698 tulerat
482 3657 610 3720 gressus
627 3635 778 3721 resupina
794 3657 852 3720 per
868 3634 991 3712 urbem,

142 3717 300 3783 invidiosa
317 3719 397 3792 suis,
417 3729 449 3782 at
465 3742 552 3784 nunc
568 3720 749 3786 miseranda
766 3721 817 3784 vel
834 3718 932 3784 hostil

142 3803 330 3888 corporibus
347 3803 463 3889 gelidis
479 3805 633 3870 incumbit
651 3815 682 3870 et
700 3805 810 3870 ordine
827 3804 915 3870 nullo

142 3888 253 3954 oscula
270 3889 433 3974 dispensat
449 3901 540 3955 natos
558 3913 706 3977 suprema
723 3913 781 3976 per
798 3912 917 3956 omnes.

141 3998 163 4040 a
180 3972 296 4058 quibus
314 3974 356 4038 ad
374 3975 497 4040 caelum
514 3975 644 4040 liventia
661 3976 810 4043 bracchia
827 3976 940 4044 tollens

141 4067 152 4098 ⁴
155 4082 303 4154 pascere,
321 4059 472 4140 crudelis,
488 4073 610 4142 nostro,
628 4060 769 4143 Latona,
787 4061 905 4144 dolore,
