2800 4500
336 296 706 365 uurnuoaruosuou
722 306 796 363 urs.
814 298 839 363 1ss
857 308 985 366 34-121.
1151 287 1173 364 3

152 443 247 498 natus
264 429 360 496 homo
378 441 439 497 estr
457 430 524 497 sive
540 429 626 496 hunc
644 430 752 496 divino
770 431 889 498 semine
906 431 983 498 fecit

58 528 60 531 ’
152 518 205 584 ille
223 517 331 603 opifex
347 539 464 594 rerum,
481 517 592 581 mundi
609 517 746 582 melioris
764 517 864 603 origo,

153 604 221 669 sive
238 625 348 669 recens
365 603 458 668 tellus
476 603 669 686 seductaque
686 625 789 689 nuper
806 603 847 666 ab
864 602 928 667 alto

153 687 280 754 aethere
297 687 424 775 cognati
440 688 595 754 retinebat
612 689 733 754 semina
750 689 843 766 caeli3

154 794 251 856 quam
268 785 355 839 satus
372 773 493 858 Iapeto,
510 774 642 838 mixtam
658 773 839 839 fluvialibus
856 774 961 850 undis,

153 859 245 924 finxit
261 858 295 924 in
312 859 452 945 effigiem
469 859 688 925 moderantum
706 870 821 924 cuncta
837 859 980 925 deorum.

153 966 318 1030 pronaque
336 967 409 1010 eum
426 955 569 1030 spectent
587 943 735 1008 animalia
752 956 856 1010 cetera
873 956 1000 1022 terram,

155 1052 191 1093 cs
209 1029 328 1094 homini
346 1029 480 1095 sublime
498 1030 599 1107 dedit,
618 1031 804 1113 caelumque
821 1030 928 1096 videre
1193 1050 1226 1100 85

154 1115 246 1180 iussit
264 1126 296 1180 et
313 1127 432 1182 erectos
450 1115 491 1179 ad
509 1115 613 1181 sidera
628 1116 738 1180 tollere
754 1116 870 1180 vultus.

154 1200 216 1277 sic,
234 1201 329 1267 modo
346 1222 432 1286 quac
446 1201 550 1266 fuerat
565 1200 653 1265 rudis
671 1211 704 1266 et
720 1200 788 1266 sine
805 1199 958 1287 imagine,
976 1201 1069 1267 tellus

154 1286 258 1352 induit
275 1286 400 1372 ignotas
418 1285 580 1350 hominum
597 1307 752 1351 conversa
768 1287 897 1372 figuras.

197 1374 309 1438 Aurea
326 1371 428 1458 prima
446 1382 514 1436 sata
528 1382 686 1448 catastas,
704 1392 787 1455 quae
800 1372 924 1445 vindice
937 1373 1035 1449 nullo,
1076 1370 1203 1452 Qamtaor

155 1469 268 1544 sponte
286 1480 358 1534 sua,
376 1456 444 1522 sine
461 1457 546 1543 lege,
563 1457 659 1523 fidem
676 1468 862 1540 rectumque
879 1457 1013 1523 cole-bat
1037 1440 1126 1492 'W‘
1137 1447 1234 1492 “mm

154 1565 259 1629 poena
274 1553 440 1626 metusque
458 1542 604 1620 aberant3
622 1563 681 1607 nec
698 1542 796 1607 verba
813 1541 964 1608 minantia
980 1544 1045 1607 lixo
1193 1562 1224 1612 91

156 1650 229 1694 aere
246 1628 444 1714 legebantur,
460 1650 520 1693 uec
537 1627 671 1714 supplex
687 1626 781 1692 turba
798 1627 930 1694 timebat

155 1714 269 1779 iudicis
287 1736 342 1779 ora
359 1713 423 1791 sui,
441 1713 605 1779 sederant
623 1714 690 1779 sine
708 1712 833 1777 vindice
850 1713 921 1778 tuti.

155 1799 298 1865 nondum
315 1821 407 1864 caesa
425 1800 503 1876 suis,
520 1799 722 1884 peregrinum
740 1810 775 1863 ut
793 1798 907 1864 viseret
924 1796 1044 1878 orbem,

156 1884 317 1950 montibus
333 1885 367 1948 in
384 1882 520 1968 liquidas
537 1884 630 1970 pinus
648 1884 854 1949 descenderat
871 1884 988 1962 undas3

155 1972 305 2054 nullaque
323 1971 472 2034 mortales
489 1979 614 2055 praeter
630 1992 689 2034 sua
706 1969 798 2033 litora
814 1981 937 2034 norant.

155 2056 297 2121 nondum
314 2055 502 2141 praecipites
519 2054 689 2139 cingebant
706 2054 824 2139 oppida
840 2054 959 2131 fossae3

156 2164 222 2206 uon
238 2141 316 2206 tuba
334 2140 458 2218 directi,
475 2161 539 2204 non
557 2139 638 2205 aeris
656 2160 775 2205 cornua
791 2139 872 2214 flexi,

157 2250 221 2292 non
238 2227 363 2313 galeae,
380 2247 443 2290 non
461 2225 545 2292 ensis
563 2233 642 2303 erat3
665 2225 733 2290 sine
750 2226 857 2293 militis
875 2252 937 2294 usu

157 2313 264 2378 mollia
280 2334 410 2378 securae
427 2311 622 2399 peragebant
639 2314 704 2376 otia
720 2322 840 2396 gentes.

156 2400 226 2484 ipsa
242 2418 370 2482 quoque
386 2397 536 2462 immunis
552 2408 718 2481 rastroque
734 2397 853 2461 intacta
870 2418 929 2461 nec
946 2394 1019 2462 ullis

157 2484 266 2550 saucia
282 2483 463 2548 vomeribus
479 2505 538 2569 per
554 2505 588 2548 se
606 2482 702 2547 dabat
720 2482 826 2546 omnia
842 2481 950 2546 tellusr

157 2568 358 2652 contentique
375 2567 454 2633 cibis
471 2570 558 2633 nullo
576 2578 710 2653 cogente
727 2567 840 2632 creatis

157 2656 305 2720 arbuteos
323 2654 406 2719 fetus
423 2665 635 2737 montanaque
652 2653 743 2737 fraga
759 2653 909 2738 legebant

157 2760 316 2823 cornaque
334 2750 366 2804 ct
382 2739 415 2803 in
432 2738 519 2803 duris
537 2738 698 2803 haerentia
715 2760 804 2802 mora
821 2738 950 2813 rubetis,
1001 2777 1003 2780 ·

156 2838 189 2891 et
206 2846 288 2909 quae
305 2822 487 2890 deciderant
504 2824 614 2910 patula
630 2823 716 2887 Iovis
734 2823 846 2887 arbore
862 2823 1005 2908 glandes.

157 2934 213 2977 ver
230 2921 297 2976 erat
314 2922 491 2985 aetemum‚
509 2908 688 2995 placidique
707 2908 886 2993 tepentibus
904 2910 988 2972 auris

157 2996 337 3062 mulcebant
354 2994 486 3080 zephyri
501 3006 592 3059 natos
610 2994 677 3059 sine
694 2993 815 3059 semine
831 2994 934 3058 flores.

156 3104 231 3147 mox
249 3081 343 3146 etiam
360 3080 470 3165 fruges
487 3080 581 3146 tellus
598 3079 721 3143 inarata
737 3078 870 3153 ferebat,

156 3189 215 3232 nec
231 3175 401 3231 renovatus
419 3187 496 3250 ager
504 3164 652 3266 gravidis
670 3164 804 3228 canebat
821 3163 938 3228 aristis:

156 3252 288 3317 flumina
304 3251 368 3316 iam
385 3251 488 3327 lactis,
505 3273 570 3314 ram
587 3250 718 3316 flumina
734 3249 869 3314 nectaris
886 3248 984 3324 ibant,

156 3339 303 3421 flavaque
320 3336 361 3401 de
378 3336 469 3399 viridi
488 3335 648 3400 stillabant
665 3335 737 3399 ilice
754 3335 857 3400 mella.

198 3423 394 3504 Postquam,
408 3419 547 3487 Saturno
565 3420 733 3486 tenebrosa
748 3418 781 3483 in
798 3417 933 3483 Tartara
950 3418 1056 3496 misso,

157 3508 217 3573 sub
234 3508 312 3573 Iove
329 3505 467 3570 mundus
485 3516 566 3582 erat,
583 3504 679 3569 subiit
696 3514 847 3589 argentea
863 3505 967 3590 proles

157 3615 234 3657 auro
252 3590 398 3667 deterior,
415 3591 503 3655 fulvo
520 3590 685 3676 pretiosior
701 3612 784 3655 aere.

156 3678 300 3763 Iuppiter
317 3676 438 3759 antiqui
455 3675 611 3740 contraxit
628 3687 772 3760 tempora
789 3673 882 3749 veris,

156 3784 277 3848 perque
294 3761 413 3827 hiemes
431 3773 600 3844 aestusque
616 3773 649 3825 et
664 3759 846 3843 inaequales
864 3770 1031 3825 autumnos

157 3858 189 3913 et
205 3848 301 3913 breve
318 3869 374 3911 ver
391 3847 501 3932 spatiis
518 3845 624 3947 exegit
641 3855 791 3928 quattuor
807 3867 936 3910 annum.

154 3938 226 3996 'tum
242 3931 378 4017 primum
395 3932 487 3996 siccis
505 3937 558 3995 a‘e'r
574 3930 752 3997 lervoribus
769 3940 860 3995 ustus

157 4017 299 4092 canduit,
318 4029 349 4081 et
366 4017 468 4082 ventis
485 4016 604 4101 glacies
622 4015 750 4081 astricta
766 4015 925 4101 pependit.

156 4113 225 4169 tum
240 4102 378 4194 primum
395 4101 520 4170 subiere
538 4101 664 4170 domus:
683 4100 796 4167 domus
813 4114 904 4169 antra
919 4101 1049 4167 fuerunt

315 4211 327 4226 s
968 4202 1003 4256 1.
