2800 4500
233 279 277 348 24
420 332 422 337 .
553 264 922 350 remurinus

234 429 266 485 et
283 427 351 482 tum
369 416 466 492 sicca,
484 413 571 502 prius
589 415 779 480 creberrima
795 414 950 490 fontibus,
968 411 1036 489 Ide,
1102 412 1104 415 ’

234 503 458 588 virgineusque
475 501 612 566 Helicon
628 512 661 566 et
676 501 818 565 nondum
836 497 995 585 Oeagrius
1013 499 1167 567 Haemus.

167 610 218 660 aaa
236 589 324 653 ardet
340 588 374 652 in
389 587 579 651 immensum
595 585 763 672 geminatis
780 585 907 671 ignibus
923 585 1030 649 Aetna

234 674 458 756 Parnasusque
475 671 583 757 biceps
601 682 633 737 et
650 670 741 756 Eryx
757 682 790 735 et
807 667 953 756 Cynthus
971 681 1003 734 et
1020 666 1154 755 Othrys,

235 771 268 824 et
283 758 411 823 tandem
428 758 554 822 nivibus
572 755 729 842 Rhodope
746 755 896 833 caritura,
913 754 1095 838 Mimasque

235 844 463 928 Dindymaque
480 854 512 908 et
528 842 658 926 Mycale
674 852 831 924 natusque
848 841 889 904 ad
907 861 997 905 sacra
1014 836 1196 905 Cithaeron.

235 939 444 1015 neoprosunt
461 926 611 1011 Scythiae
628 949 687 991 sua
703 926 836 1012 frigora:
856 921 1020 990 Caucasus
1036 925 1126 990 ardet

58 1057 61 1062 ·
169 1036 219 1087 225
237 1013 386 1098 Ossaque
404 1036 477 1079 cum
494 1012 599 1077 Pindo
615 1011 779 1095 maiorque
797 1011 952 1075 ambobus
969 1007 1130 1096 Olympus

236 1100 404 1183 adriaeque
418 1100 521 1184 Alpes
538 1108 570 1162 et
586 1097 715 1162 nubifer
731 1097 952 1183 Appenninus.

236 1196 304 1250 tum
321 1206 396 1250 vero
414 1182 583 1248 Phaethon
600 1182 722 1247 cunctis
740 1205 758 1247 e
774 1182 917 1267 partibus
934 1182 1044 1247 orbem

118 1326 119 1330 ,
237 1269 349 1356 aspicit
366 1291 534 1334 accensum
551 1289 611 1333 neo
627 1278 731 1333 tantos
749 1267 881 1333 sustinet
898 1277 1013 1342 aestus,

236 1356 457 1438 ferventesque
474 1376 567 1418 auras
584 1353 672 1418 velut
689 1375 707 1418 e
724 1352 853 1418 fornace
869 1352 1029 1438 profunda

169 1463 220 1512 aaa
237 1462 291 1505 ore
309 1439 404 1504 trahit
421 1460 594 1523 currusque
612 1460 686 1504 suos
704 1437 891 1504 candescere
909 1438 1013 1503 sentit.
1108 1484 1110 1488 -

238 1537 270 1591 et
285 1546 389 1609 neque
406 1524 469 1589 iam
487 1524 607 1589 cineres
625 1524 852 1607 eiectatamque
870 1522 1011 1587 favillam

237 1612 321 1676 ferre
344 1622 449 1696 potest
474 1609 640 1693 calidoque
657 1609 828 1674 involvitur
844 1608 986 1692 undique
1003 1607 1103 1685 fumo,

237 1717 366 1780 quoque
383 1705 435 1761 eat
451 1705 507 1759 aut
523 1694 579 1758 ubi
596 1694 651 1770 sit,
668 1694 760 1780 picea
777 1693 911 1780 caligine
928 1704 1030 1759 tectus

237 1782 351 1855 nescit,
369 1791 401 1845 et
418 1780 547 1845 arbitrio
564 1781 728 1845 volucrum
746 1789 890 1865 raptatur
906 1799 1069 1862 equorum.

171 1888 220 1938 235
238 1890 295 1931 san
342 1866 393 1930 ’ne
410 1876 479 1930 tum
496 1865 629 1930 credunt
644 1865 678 1930 in
695 1885 827 1950 corpora
844 1887 968 1929 summa
983 1874 1096 1928 vocato

238 1889 435 2036 Aedildpum
452 1972 493 2036 po
516 1951 586 2015 ulos
602 1950 730 2036 nigrum
746 1950 880 2015 traxisse
897 1950 1049 2025 colorem;

238 2048 307 2101 tum
324 2036 409 2101 facta
426 2048 473 2101 est
490 1973 595 2121 hibye
611 2036 711 2121 raptis
728 2035 891 2100 umoribus
908 2046 998 2100 aestu

239 2121 344 2197 arida3
380 2133 449 2186 tum
465 2121 624 2207 nymphae
641 2121 744 2206 passis
761 2121 928 2203 fontesque
945 2121 1096 2203 lacusque

221 2207 396 2274 deflevere
413 2207 521 2272 comis.
566 2206 688 2291 quaerit
705 2206 839 2272 Boeotia
854 2205 986 2282 Dircen,

172 2315 222 2365 240
239 2295 347 2379 Argos
363 2293 581 2377 Amymonen,
599 2291 731 2378 Ephyre
747 2292 914 2357 Pirenidas
931 2292 1044 2355 undas.

239 2401 299 2444 nec
316 2378 426 2443 sortita
442 2379 513 2442 loco
530 2378 681 2441 distames
698 2376 830 2440 flumina
846 2376 932 2462 ripae

239 2474 310 2528 tuta
324 2473 469 2529 manent:
486 2461 598 2527 mediis
614 2461 733 2525 Tanais
751 2461 885 2526 fumavit
901 2461 934 2524 in
951 2460 1046 2525 undis

238 2548 430 2631 Peneusque
447 2569 544 2611 senex
561 2546 860 2629 Teuthranteusque
877 2543 995 2610 Caicus

240 2645 272 2700 et
289 2633 372 2698 celer
387 2633 531 2696 Ismenos
549 2652 622 2695 cum
638 2630 802 2716 Phegiaco
819 2630 1018 2716 Erymantho

172 2739 221 2789 245
240 2739 430 2801 arsurusque
446 2717 562 2781 iterum
578 2714 731 2780 Xanthus
748 2715 913 2800 flavusque
930 2715 1117 2800 Lycormas,

239 2804 357 2887 quique
375 2802 550 2867 recurvatis
565 2801 647 2867 ludit
662 2800 858 2866 Maeandrus
874 2802 908 2866 in
924 2801 1028 2878 undis,

238 2888 499 2974 Mygdoniusque
515 2887 621 2953 Melas
638 2896 671 2951 et
688 2886 863 2951 Taenarius
881 2885 1028 2951 Eurotas.

239 2973 316 3039 arsit
333 2984 365 3038 et
381 2971 563 3058 Euphrates
580 2972 793 3057 Babylonius,
811 2972 887 3037 arsit
905 2970 1054 3049 Orontes,

238 3059 505 3141 Thermodonque
523 3058 603 3123 citus
622 3055 818 3143 Gangesque
835 3068 867 3123 et
882 3057 998 3121 Phasis
1016 3069 1048 3122 et
1064 3057 1183 3122 Hister.

172 3166 222 3214 250
240 3154 363 3209 aestuat
380 3143 540 3228 Alpheus,
558 3143 646 3228 ripae
664 3140 875 3229 Spercheides
892 3143 1012 3218 ardent,

239 3228 388 3313 quodque
405 3250 462 3293 suo
480 3228 590 3314 Tagus
608 3250 701 3293 amne
719 3227 819 3306 vehit,
836 3228 907 3293 fluit
922 3228 1065 3313 ignibus,
1083 3251 1210 3293 aurum:

239 3326 271 3380 et
287 3335 369 3398 quae
385 3314 553 3379 Maeonias
570 3312 774 3378 celebrabant
789 3313 927 3378 carmine
944 3314 1028 3399 ripas

238 3400 407 3464 flumineae
423 3399 582 3485 volucres,
601 3398 706 3464 medio
723 3399 848 3464 caluere
867 3395 1013 3484 Caystro.

238 3485 331 3549 Nilus
348 3484 382 3548 in
399 3494 575 3549 extremum
592 3484 677 3569 fugit
692 3484 877 3570 perterritus
895 3484 1004 3549 orbem

172 3588 221 3637 255
240 3569 440 3652 occuluitque
457 3579 567 3654 caput:
584 3568 670 3652 quod
688 3569 793 3633 adhuc
809 3570 895 3633 latet.
939 3569 1020 3633 ostia
1037 3580 1157 3654 septem

239 3653 460 3740 pulverulenta
476 3666 604 3731 vacant,
622 3665 744 3738 septem
761 3653 828 3719 sine
845 3653 975 3719 flumine
992 3653 1101 3719 valles.

239 3741 305 3804 fors
323 3738 436 3805 eadem
452 3739 616 3816 Ismarios,
633 3739 782 3803 Hebrum
799 3761 872 3803 cum
890 3737 1076 3824 Strymone,
1094 3739 1191 3804 siccat

239 3824 477 3909 Hesperiosque
494 3846 613 3902 amnes,
630 3823 779 3888 Rhenum
792 3823 1046 3905 Rhodanumque
1058 3823 1259 3909 Padumque,

239 3909 354 3992 cuique
370 3908 431 3973 fuit
446 3931 552 3973 rerum
570 3909 724 3994 promissa
740 3908 894 3994 potentia,
911 3908 1077 3993 Thybrim.
1264 3933 1266 3938 ·

171 4016 222 4067 260
241 3993 354 4061 dissilit
371 4016 463 4060 omne
482 3995 597 4072 solum,
615 4005 822 4079 penetratque
838 3994 872 4058 iu
889 3994 1023 4058 Tartara
1039 3993 1127 4060 rimis

238 4080 347 4152 lumen
364 4091 397 4146 et
412 4079 572 4150 infernum
589 4091 685 4149 terret
701 4101 775 4147 cum
793 4079 928 4167 coniuge
944 4100 1063 4169 regem.
