<?xml version="1.0" encoding="UTF-8"?>
<!DOCTYPE html PUBLIC "-//W3C//DTD XHTML 1.0 Transitional//EN"
    "http://www.w3.org/TR/xhtml1/DTD/xhtml1-transitional.dtd">
<html xmlns="http://www.w3.org/1999/xhtml" xml:lang="en" lang="en">
 <head>
  <title>
</title>
<meta http-equiv="Content-Type" content="text/html;charset=utf-8" />
  <meta name='ocr-system' content='tesseract 3.04.00' />
  <meta name='ocr-capabilities' content='ocr_page ocr_carea ocr_par ocr_line ocrx_word'/>
</head>
<body>
  <div class='ocr_page' id='page_1' title='image "./povidiinasonisc00unkngoog_0162.png"; bbox 0 0 2800 4500; ppageno 0'>
   <div class='ocr_carea' id='block_1_1' title="bbox 248 244 1087 328">
    <p class='ocr_par' dir='ltr' id='par_1_1' title="bbox 248 244 1087 328">
     <span class='ocr_line' id='line_1_1' title="bbox 248 244 1087 328; baseline 0.006 -6"><span class='ocrx_word' id='word_1_1' title='bbox 248 244 293 323; x_wconf 74' lang='lat' dir='ltr'>tt</span> <span class='ocrx_word' id='word_1_2' title='bbox 430 257 471 274; x_wconf 78' lang='lat'>‘·</span> <span class='ocrx_word' id='word_1_3' title='bbox 581 267 614 325; x_wconf 79' lang='lat' dir='ltr'>P.</span> <span class='ocrx_word' id='word_1_4' title='bbox 633 269 758 328; x_wconf 83' lang='lat' dir='ltr'>ovmn</span> <span class='ocrx_word' id='word_1_5' title='bbox 775 256 976 328; x_wconf 76' lang='lat' dir='ltr'>unsours&#39;</span> <span class='ocrx_word' id='word_1_6' title='bbox 1081 255 1087 262; x_wconf 82' lang='grc'><strong>’</strong></span> 
     </span>
    </p>
   </div>
   <div class='ocr_carea' id='block_1_2' title="bbox 175 392 1119 2784">
    <p class='ocr_par' dir='ltr' id='par_1_2' title="bbox 183 392 1063 801">
     <span class='ocr_line' id='line_1_2' title="bbox 183 392 918 480; baseline -0.004 -19"><span class='ocrx_word' id='word_1_7' title='bbox 183 412 231 462; x_wconf 82' lang='lat' dir='ltr'>tos</span> <span class='ocrx_word' id='word_1_8' title='bbox 249 394 318 480; x_wconf 89' lang='lat' dir='ltr'>ipsa</span> <span class='ocrx_word' id='word_1_9' title='bbox 336 392 504 461; x_wconf 88' lang='lat' dir='ltr'>videbatur</span> <span class='ocrx_word' id='word_1_10' title='bbox 518 402 617 459; x_wconf 87' lang='lat' dir='ltr'>terras</span> <span class='ocrx_word' id='word_1_11' title='bbox 634 403 777 480; x_wconf 86' lang='lat' dir='ltr'>spectare</span> <span class='ocrx_word' id='word_1_12' title='bbox 793 393 918 460; x_wconf 90' lang='lat' dir='ltr'>relictas</span> 
     </span>
     <span class='ocr_line' id='line_1_3' title="bbox 250 478 994 563; baseline -0.001 -19"><span class='ocrx_word' id='word_1_13' title='bbox 250 491 282 545; x_wconf 91' lang='lat' dir='ltr'>et</span> <span class='ocrx_word' id='word_1_14' title='bbox 299 479 429 545; x_wconf 84' lang='lat' dir='ltr'><strong>comites</strong></span> <span class='ocrx_word' id='word_1_15' title='bbox 447 480 584 545; x_wconf 88' lang='lat' dir='ltr'>clamare</span> <span class='ocrx_word' id='word_1_16' title='bbox 601 502 675 544; x_wconf 88' lang='lat' dir='ltr'>suas</span> <span class='ocrx_word' id='word_1_17' title='bbox 692 489 876 563; x_wconf 87' lang='lat' dir='ltr'>tactumque</span> <span class='ocrx_word' id='word_1_18' title='bbox 893 478 994 544; x_wconf 87' lang='lat' dir='ltr'>vereri</span> 
     </span>
     <span class='ocr_line' id='line_1_4' title="bbox 250 564 1063 665; baseline -0.002 -35"><span class='ocrx_word' id='word_1_19' title='bbox 250 564 417 631; x_wconf 86' lang='lat' dir='ltr'>assilientis</span> <span class='ocrx_word' id='word_1_20' title='bbox 433 587 536 649; x_wconf 86' lang='lat' dir='ltr'>aquae</span> <span class='ocrx_word' id='word_1_21' title='bbox 553 564 742 648; x_wconf 89' lang='lat' dir='ltr'>timidasque</span> <span class='ocrx_word' id='word_1_22' title='bbox 760 565 910 630; x_wconf 83' lang='lat' dir='ltr'>reducere</span> <span class='ocrx_word' id='word_1_23' title='bbox 927 564 1063 665; x_wconf 87' lang='lat' dir='ltr'>plantas.</span> 
     </span>
     <span class='ocr_line' id='line_1_5' title="bbox 249 649 950 733; baseline -0.001 -19"><span class='ocrx_word' id='word_1_24' title='bbox 249 649 324 716; x_wconf 88' lang='lat' dir='ltr'>fecit</span> <span class='ocrx_word' id='word_1_25' title='bbox 342 662 374 716; x_wconf 91' lang='lat' dir='ltr'>et</span> <span class='ocrx_word' id='word_1_26' title='bbox 390 650 539 716; x_wconf 84' lang='lat' dir='ltr'>Asterien</span> <span class='ocrx_word' id='word_1_27' title='bbox 557 650 663 733; x_wconf 89' lang='lat' dir='ltr'>aquila</span> <span class='ocrx_word' id='word_1_28' title='bbox 680 652 820 716; x_wconf 89' lang='lat' dir='ltr'>luctante</span> <span class='ocrx_word' id='word_1_29' title='bbox 837 662 950 715; x_wconf 69' lang='lat' dir='ltr'>tenent</span> 
     </span>
     <span class='ocr_line' id='line_1_6' title="bbox 249 735 948 801; baseline -0.001 -2"><span class='ocrx_word' id='word_1_30' title='bbox 249 735 325 800; x_wconf 86' lang='lat' dir='ltr'>fecit</span> <span class='ocrx_word' id='word_1_31' title='bbox 341 736 469 801; x_wconf 79' lang='lat' dir='ltr'>olorinis</span> <span class='ocrx_word' id='word_1_32' title='bbox 485 735 611 801; x_wconf 84' lang='lat' dir='ltr'>Ledam</span> <span class='ocrx_word' id='word_1_33' title='bbox 628 735 781 801; x_wconf 81' lang='lat' dir='ltr'>recubare</span> <span class='ocrx_word' id='word_1_34' title='bbox 799 735 859 800; x_wconf 89' lang='lat' dir='ltr'>sub</span> <span class='ocrx_word' id='word_1_35' title='bbox 877 736 948 799; x_wconf 84' lang='lat' dir='ltr'>alis:</span> 
     </span>
    </p>

    <p class='ocr_par' dir='ltr' id='par_1_3' title="bbox 182 819 1054 1162">
     <span class='ocr_line' id='line_1_7' title="bbox 182 819 1038 907; baseline 0 -23"><span class='ocrx_word' id='word_1_36' title='bbox 182 839 232 891; x_wconf 92' lang='lat'>110</span> <span class='ocrx_word' id='word_1_37' title='bbox 249 820 384 898; x_wconf 83' lang='lat' dir='ltr'>addidit,</span> <span class='ocrx_word' id='word_1_38' title='bbox 401 832 438 885; x_wconf 89' lang='lat' dir='ltr'>ut</span> <span class='ocrx_word' id='word_1_39' title='bbox 455 819 564 905; x_wconf 85' lang='lat' dir='ltr'>Satyri</span> <span class='ocrx_word' id='word_1_40' title='bbox 580 820 700 885; x_wconf 87' lang='lat' dir='ltr'>celatus</span> <span class='ocrx_word' id='word_1_41' title='bbox 718 820 856 907; x_wconf 77' lang='lat' dir='ltr'>imagine</span> <span class='ocrx_word' id='word_1_42' title='bbox 873 819 1038 906; x_wconf 81' lang='lat' dir='ltr'>pulchram</span> 
     </span>
     <span class='ocr_line' id='line_1_8' title="bbox 247 905 960 992; baseline -0.003 -21"><span class='ocrx_word' id='word_1_43' title='bbox 247 906 392 992; x_wconf 88' lang='lat' dir='ltr'>Iuppiter</span> <span class='ocrx_word' id='word_1_44' title='bbox 408 906 546 991; x_wconf 86' lang='lat' dir='ltr'>implerit</span> <span class='ocrx_word' id='word_1_45' title='bbox 562 906 689 991; x_wconf 90' lang='lat' dir='ltr'>gemino</span> <span class='ocrx_word' id='word_1_46' title='bbox 707 905 866 991; x_wconf 74' lang='lat' dir='ltr'>Nycteida</span> <span class='ocrx_word' id='word_1_47' title='bbox 882 905 960 984; x_wconf 87' lang='lat' dir='ltr'>fetu,</span> 
     </span>
     <span class='ocr_line' id='line_1_9' title="bbox 247 989 1054 1077; baseline 0 -23"><span class='ocrx_word' id='word_1_48' title='bbox 247 991 461 1077; x_wconf 85' lang='lat' dir='ltr'>Amphitryon</span> <span class='ocrx_word' id='word_1_49' title='bbox 478 992 587 1069; x_wconf 82' lang='lat' dir='ltr'>fuerit,</span> <span class='ocrx_word' id='word_1_50' title='bbox 605 1013 679 1056; x_wconf 90' lang='lat' dir='ltr'>cum</span> <span class='ocrx_word' id='word_1_51' title='bbox 696 1001 743 1068; x_wconf 87' lang='lat' dir='ltr'>te,</span> <span class='ocrx_word' id='word_1_52' title='bbox 760 991 943 1077; x_wconf 78' lang='lat' dir='ltr'>Tirynthia,</span> <span class='ocrx_word' id='word_1_53' title='bbox 961 989 1054 1076; x_wconf 81' lang='lat' dir='ltr'>cepit,</span> 
     </span>
     <span class='ocr_line' id='line_1_10' title="bbox 247 1075 983 1162; baseline -0.001 -21"><span class='ocrx_word' id='word_1_54' title='bbox 247 1099 362 1142; x_wconf 89' lang='lat' dir='ltr'>aureus</span> <span class='ocrx_word' id='word_1_55' title='bbox 380 1089 417 1142; x_wconf 91' lang='lat' dir='ltr'>ut</span> <span class='ocrx_word' id='word_1_56' title='bbox 433 1075 583 1153; x_wconf 72' lang='lat' dir='ltr'>Danabn,</span> <span class='ocrx_word' id='word_1_57' title='bbox 601 1075 747 1162; x_wconf 80' lang='lat' dir='ltr'>Asopida</span> <span class='ocrx_word' id='word_1_58' title='bbox 763 1077 873 1141; x_wconf 89' lang='lat' dir='ltr'>luserit</span> <span class='ocrx_word' id='word_1_59' title='bbox 889 1076 983 1162; x_wconf 90' lang='lat' dir='ltr'>ignis,</span> 
     </span>
    </p>

    <p class='ocr_par' dir='ltr' id='par_1_4' title="bbox 193 1160 1039 1248">
     <span class='ocr_line' id='line_1_11' title="bbox 193 1160 1039 1248; baseline -0.001 -22"><span class='ocrx_word' id='word_1_60' title='bbox 193 1194 195 1203; x_wconf 53' lang='lat'><strong><em>⁴</em></strong></span> <span class='ocrx_word' id='word_1_61' title='bbox 247 1160 481 1248; x_wconf 88' lang='lat' dir='ltr'>Mnemosynen</span> <span class='ocrx_word' id='word_1_62' title='bbox 498 1172 615 1247; x_wconf 88' lang='lat' dir='ltr'>pastor,</span> <span class='ocrx_word' id='word_1_63' title='bbox 632 1162 740 1226; x_wconf 86' lang='lat' dir='ltr'>varius</span> <span class='ocrx_word' id='word_1_64' title='bbox 757 1161 885 1227; x_wconf 88' lang='lat' dir='ltr'>Deoida</span> <span class='ocrx_word' id='word_1_65' title='bbox 901 1183 1039 1246; x_wconf 90' lang='lat' dir='ltr'>serpens.</span> 
     </span>
    </p>

    <p class='ocr_par' dir='ltr' id='par_1_5' title="bbox 181 1247 1051 1588">
     <span class='ocr_line' id='line_1_12' title="bbox 181 1247 1051 1333; baseline -0.005 -18"><span class='ocrx_word' id='word_1_66' title='bbox 181 1266 230 1316; x_wconf 88' lang='lat'>115</span> <span class='ocrx_word' id='word_1_67' title='bbox 249 1259 280 1312; x_wconf 91' lang='lat' dir='ltr'>te</span> <span class='ocrx_word' id='word_1_68' title='bbox 298 1268 425 1332; x_wconf 89' lang='lat' dir='ltr'>quoque</span> <span class='ocrx_word' id='word_1_69' title='bbox 440 1257 598 1312; x_wconf 84' lang='lat' dir='ltr'>mutatum</span> <span class='ocrx_word' id='word_1_70' title='bbox 615 1258 717 1325; x_wconf 84' lang='lat' dir='ltr'>torvo,</span> <span class='ocrx_word' id='word_1_71' title='bbox 734 1247 899 1333; x_wconf 88' lang='lat' dir='ltr'>Neptune,</span> <span class='ocrx_word' id='word_1_72' title='bbox 916 1247 1051 1311; x_wconf 87' lang='lat' dir='ltr'>iuvenco</span> 
     </span>
     <span class='ocr_line' id='line_1_13' title="bbox 245 1331 1029 1433; baseline -0.001 -36"><span class='ocrx_word' id='word_1_73' title='bbox 245 1332 367 1419; x_wconf 88' lang='lat' dir='ltr'>virgine</span> <span class='ocrx_word' id='word_1_74' title='bbox 385 1331 418 1396; x_wconf 92' lang='lat' dir='ltr'>in</span> <span class='ocrx_word' id='word_1_75' title='bbox 435 1332 550 1397; x_wconf 89' lang='lat' dir='ltr'>Aeolia</span> <span class='ocrx_word' id='word_1_76' title='bbox 567 1332 682 1433; x_wconf 88' lang='lat' dir='ltr'>posuit.</span> <span class='ocrx_word' id='word_1_77' title='bbox 726 1343 762 1396; x_wconf 93' lang='lat' dir='ltr'>tu</span> <span class='ocrx_word' id='word_1_78' title='bbox 778 1333 866 1397; x_wconf 87' lang='lat' dir='ltr'>visus</span> <span class='ocrx_word' id='word_1_79' title='bbox 883 1331 1029 1418; x_wconf 80' lang='lat' dir='ltr'>Enipeus</span> 
     </span>
     <span class='ocr_line' id='line_1_14' title="bbox 245 1417 906 1504; baseline 0 -22"><span class='ocrx_word' id='word_1_80' title='bbox 245 1417 352 1504; x_wconf 82' lang='lat' dir='ltr'>gignis</span> <span class='ocrx_word' id='word_1_81' title='bbox 369 1417 517 1494; x_wconf 89' lang='lat' dir='ltr'>Aloidas,</span> <span class='ocrx_word' id='word_1_82' title='bbox 536 1440 617 1483; x_wconf 83' lang='lat' dir='ltr'>aries</span> <span class='ocrx_word' id='word_1_83' title='bbox 635 1417 791 1483; x_wconf 78' lang='lat' dir='ltr'>Bisaltida</span> <span class='ocrx_word' id='word_1_84' title='bbox 807 1418 906 1494; x_wconf 82' lang='lat' dir='ltr'>fallis3</span> 
     </span>
     <span class='ocr_line' id='line_1_15' title="bbox 246 1503 999 1588; baseline 0 -21"><span class='ocrx_word' id='word_1_85' title='bbox 246 1513 278 1567; x_wconf 94' lang='lat' dir='ltr'>et</span> <span class='ocrx_word' id='word_1_86' title='bbox 294 1513 326 1568; x_wconf 93' lang='lat' dir='ltr'>te</span> <span class='ocrx_word' id='word_1_87' title='bbox 343 1504 427 1568; x_wconf 87' lang='lat' dir='ltr'>flava</span> <span class='ocrx_word' id='word_1_88' title='bbox 444 1523 550 1568; x_wconf 86' lang='lat' dir='ltr'>comas</span> <span class='ocrx_word' id='word_1_89' title='bbox 567 1504 697 1588; x_wconf 84' lang='lat' dir='ltr'>frugum</span> <span class='ocrx_word' id='word_1_90' title='bbox 715 1503 881 1567; x_wconf 90' lang='lat' dir='ltr'>mitissima</span> <span class='ocrx_word' id='word_1_91' title='bbox 896 1513 999 1567; x_wconf 88' lang='lat' dir='ltr'>mater</span> 
     </span>
    </p>

    <p class='ocr_par' dir='ltr' id='par_1_6' title="bbox 196 1587 1072 1672">
     <span class='ocr_line' id='line_1_16' title="bbox 196 1587 1072 1672; baseline 0.001 -20"><span class='ocrx_word' id='word_1_92' title='bbox 196 1627 198 1631; x_wconf 93' lang='lat'>·</span> <span class='ocrx_word' id='word_1_93' title='bbox 246 1587 343 1653; x_wconf 91' lang='lat' dir='ltr'>sensit</span> <span class='ocrx_word' id='word_1_94' title='bbox 360 1609 493 1672; x_wconf 88' lang='lat' dir='ltr'>equum,</span> <span class='ocrx_word' id='word_1_95' title='bbox 511 1589 609 1654; x_wconf 90' lang='lat' dir='ltr'>sensit</span> <span class='ocrx_word' id='word_1_96' title='bbox 626 1589 788 1654; x_wconf 87' lang='lat' dir='ltr'>volucrem</span> <span class='ocrx_word' id='word_1_97' title='bbox 805 1589 917 1653; x_wconf 87' lang='lat' dir='ltr'>crinita</span> <span class='ocrx_word' id='word_1_98' title='bbox 934 1587 1072 1653; x_wconf 89' lang='lat' dir='ltr'>colubris</span> 
     </span>
    </p>

    <p class='ocr_par' dir='ltr' id='par_1_7' title="bbox 179 1673 1119 2116">
     <span class='ocr_line' id='line_1_17' title="bbox 179 1673 1081 1757; baseline -0.003 -17"><span class='ocrx_word' id='word_1_99' title='bbox 179 1691 228 1741; x_wconf 84' lang='lat'>120</span> <span class='ocrx_word' id='word_1_100' title='bbox 245 1685 346 1738; x_wconf 88' lang='lat' dir='ltr'>mater</span> <span class='ocrx_word' id='word_1_101' title='bbox 363 1673 437 1757; x_wconf 89' lang='lat' dir='ltr'>equi</span> <span class='ocrx_word' id='word_1_102' title='bbox 454 1673 605 1752; x_wconf 87' lang='lat' dir='ltr'>volucris,</span> <span class='ocrx_word' id='word_1_103' title='bbox 624 1675 721 1739; x_wconf 91' lang='lat' dir='ltr'>sensit</span> <span class='ocrx_word' id='word_1_104' title='bbox 738 1673 789 1739; x_wconf 92' lang='lat' dir='ltr'>del</span> <span class='ocrx_word' id='word_1_105' title='bbox 812 1673 887 1738; x_wconf 89' lang='lat' dir='ltr'>hina</span> <span class='ocrx_word' id='word_1_106' title='bbox 903 1673 1081 1738; x_wconf 88' lang='lat' dir='ltr'>Melantho.</span> 
     </span>
     <span class='ocr_line' id='line_1_18' title="bbox 245 1697 1115 1844; baseline 0.001 -22"><span class='ocrx_word' id='word_1_107' title='bbox 245 1758 392 1824; x_wconf 88' lang='lat' dir='ltr'>omnibus</span> <span class='ocrx_word' id='word_1_108' title='bbox 408 1758 458 1824; x_wconf 89' lang='lat' dir='ltr'>his</span> <span class='ocrx_word' id='word_1_109' title='bbox 475 1759 653 1844; x_wconf 81' lang='lat' dir='ltr'>faciemque</span> <span class='ocrx_word' id='word_1_110' title='bbox 671 1782 762 1824; x_wconf 90' lang='lat' dir='ltr'>suam</span> <span class='ocrx_word' id='word_1_111' title='bbox 780 1697 957 1841; x_wconf 63' lang='lat' dir='ltr'>[boiemque</span> <span class='ocrx_word' id='word_1_112' title='bbox 973 1759 1115 1824; x_wconf 91' lang='lat' dir='ltr'>locorum</span> 
     </span>
     <span class='ocr_line' id='line_1_19' title="bbox 244 1844 1048 1931; baseline 0.001 -24"><span class='ocrx_word' id='word_1_113' title='bbox 244 1844 390 1909; x_wconf 88' lang='lat' dir='ltr'>reddidit.</span> <span class='ocrx_word' id='word_1_114' title='bbox 434 1855 483 1911; x_wconf 90' lang='lat' dir='ltr'>est</span> <span class='ocrx_word' id='word_1_115' title='bbox 499 1844 564 1910; x_wconf 90' lang='lat' dir='ltr'>illic</span> <span class='ocrx_word' id='word_1_116' title='bbox 580 1844 715 1929; x_wconf 88' lang='lat' dir='ltr'>agrestis</span> <span class='ocrx_word' id='word_1_117' title='bbox 731 1845 870 1931; x_wconf 81' lang='lat' dir='ltr'>imagine</span> <span class='ocrx_word' id='word_1_118' title='bbox 886 1844 1048 1921; x_wconf 91' lang='lat' dir='ltr'>Phoebus,</span> 
     </span>
     <span class='ocr_line' id='line_1_20' title="bbox 244 1928 1119 2017; baseline 0 -23"><span class='ocrx_word' id='word_1_119' title='bbox 244 1941 342 2013; x_wconf 89' lang='lat' dir='ltr'>utque</span> <span class='ocrx_word' id='word_1_120' title='bbox 359 1930 454 1994; x_wconf 89' lang='lat' dir='ltr'>modo</span> <span class='ocrx_word' id='word_1_121' title='bbox 472 1930 629 2016; x_wconf 84' lang='lat' dir='ltr'>accipitris</span> <span class='ocrx_word' id='word_1_122' title='bbox 647 1952 783 2017; x_wconf 89' lang='lat' dir='ltr'>pennas,</span> <span class='ocrx_word' id='word_1_123' title='bbox 801 1930 896 1994; x_wconf 92' lang='lat' dir='ltr'>modo</span> <span class='ocrx_word' id='word_1_124' title='bbox 912 1940 1003 2015; x_wconf 87' lang='lat' dir='ltr'>terga</span> <span class='ocrx_word' id='word_1_125' title='bbox 1019 1928 1119 1995; x_wconf 91' lang='lat' dir='ltr'>leonis</span> 
     </span>
     <span class='ocr_line' id='line_1_21' title="bbox 243 2014 1015 2116; baseline -0.001 -36"><span class='ocrx_word' id='word_1_126' title='bbox 243 2016 392 2098; x_wconf 83' lang='lat' dir='ltr'>gesserit,</span> <span class='ocrx_word' id='word_1_127' title='bbox 409 2027 446 2080; x_wconf 90' lang='lat' dir='ltr'>ut</span> <span class='ocrx_word' id='word_1_128' title='bbox 461 2027 570 2116; x_wconf 86' lang='lat' dir='ltr'>pastor</span> <span class='ocrx_word' id='word_1_129' title='bbox 585 2015 772 2081; x_wconf 69' lang='lat' dir='ltr'>Macareida</span> <span class='ocrx_word' id='word_1_130' title='bbox 788 2015 898 2080; x_wconf 85' lang='lat' dir='ltr'>luserit</span> <span class='ocrx_word' id='word_1_131' title='bbox 914 2014 1015 2080; x_wconf 87' lang='lat' dir='ltr'>Issen.</span> 
     </span>
    </p>

    <p class='ocr_par' dir='ltr' id='par_1_8' title="bbox 176 2099 1064 2521">
     <span class='ocr_line' id='line_1_22' title="bbox 176 2099 1064 2187; baseline -0.002 -21"><span class='ocrx_word' id='word_1_132' title='bbox 176 2117 225 2167; x_wconf 79' lang='lat'>125</span> <span class='ocrx_word' id='word_1_133' title='bbox 244 2100 343 2165; x_wconf 88' lang='lat' dir='ltr'>Liber</span> <span class='ocrx_word' id='word_1_134' title='bbox 360 2111 396 2165; x_wconf 91' lang='lat' dir='ltr'>ut</span> <span class='ocrx_word' id='word_1_135' title='bbox 412 2099 576 2187; x_wconf 85' lang='lat' dir='ltr'>Erigonen</span> <span class='ocrx_word' id='word_1_136' title='bbox 593 2102 675 2166; x_wconf 83' lang='lat' dir='ltr'>falsa</span> <span class='ocrx_word' id='word_1_137' title='bbox 692 2101 769 2166; x_wconf 86' lang='lat' dir='ltr'>dece</span> <span class='ocrx_word' id='word_1_138' title='bbox 792 2101 851 2166; x_wconf 89' lang='lat' dir='ltr'>erit</span> <span class='ocrx_word' id='word_1_139' title='bbox 868 2123 942 2176; x_wconf 88' lang='lat' dir='ltr'>uva,</span> <span class='ocrx_word' id='word_1_140' title='bbox 1062 2176 1064 2179; x_wconf 17' lang='lat'>¹</span> 
     </span>
     <span class='ocr_line' id='line_1_23' title="bbox 243 2183 1035 2274; baseline 0 -23"><span class='ocrx_word' id='word_1_141' title='bbox 243 2197 279 2252; x_wconf 91' lang='lat' dir='ltr'>ut</span> <span class='ocrx_word' id='word_1_142' title='bbox 297 2183 455 2253; x_wconf 86' lang='lat' dir='ltr'>Saturnus</span> <span class='ocrx_word' id='word_1_143' title='bbox 472 2207 555 2271; x_wconf 91' lang='lat' dir='ltr'>equo</span> <span class='ocrx_word' id='word_1_144' title='bbox 572 2186 735 2274; x_wconf 87' lang='lat' dir='ltr'>geminum</span> <span class='ocrx_word' id='word_1_145' title='bbox 771 2186 895 2252; x_wconf 71' lang='lat' dir='ltr'>‘hirona</span> <span class='ocrx_word' id='word_1_146' title='bbox 912 2184 1035 2251; x_wconf 87' lang='lat' dir='ltr'>crearit.</span> 
     </span>
     <span class='ocr_line' id='line_1_24' title="bbox 242 2271 977 2358; baseline -0.001 -21"><span class='ocrx_word' id='word_1_147' title='bbox 242 2272 355 2338; x_wconf 88' lang='lat' dir='ltr'>ultima</span> <span class='ocrx_word' id='word_1_148' title='bbox 371 2295 446 2358; x_wconf 88' lang='lat' dir='ltr'>pars</span> <span class='ocrx_word' id='word_1_149' title='bbox 463 2274 544 2338; x_wconf 89' lang='lat' dir='ltr'>telae</span> <span class='ocrx_word' id='word_1_150' title='bbox 561 2273 650 2337; x_wconf 90' lang='lat' dir='ltr'>tenui</span> <span class='ocrx_word' id='word_1_151' title='bbox 667 2273 863 2338; x_wconf 87' lang='lat' dir='ltr'>circumdata</span> <span class='ocrx_word' id='word_1_152' title='bbox 878 2271 977 2337; x_wconf 91' lang='lat' dir='ltr'>limbo</span> 
     </span>
     <span class='ocr_line' id='line_1_25' title="bbox 241 2357 976 2424; baseline 0.001 -3"><span class='ocrx_word' id='word_1_153' title='bbox 241 2357 400 2423; x_wconf 88' lang='lat' dir='ltr'>nexilibus</span> <span class='ocrx_word' id='word_1_154' title='bbox 416 2359 509 2423; x_wconf 88' lang='lat' dir='ltr'>flores</span> <span class='ocrx_word' id='word_1_155' title='bbox 526 2357 650 2424; x_wconf 89' lang='lat' dir='ltr'>hederis</span> <span class='ocrx_word' id='word_1_156' title='bbox 668 2357 765 2423; x_wconf 89' lang='lat' dir='ltr'>habet</span> <span class='ocrx_word' id='word_1_157' title='bbox 781 2358 976 2423; x_wconf 85' lang='lat' dir='ltr'>intertextos.</span> 
     </span>
     <span class='ocr_line' id='line_1_26' title="bbox 241 2441 984 2521; baseline 0.003 -14"><span class='ocrx_word' id='word_1_158' title='bbox 241 2464 306 2508; x_wconf 89' lang='lat' dir='ltr'>non</span> <span class='ocrx_word' id='word_1_159' title='bbox 322 2443 402 2508; x_wconf 89' lang='lat' dir='ltr'>illud</span> <span class='ocrx_word' id='word_1_160' title='bbox 418 2441 540 2521; x_wconf 87' lang='lat' dir='ltr'>Pallas,</span> <span class='ocrx_word' id='word_1_161' title='bbox 558 2465 622 2508; x_wconf 92' lang='lat' dir='ltr'>non</span> <span class='ocrx_word' id='word_1_162' title='bbox 639 2444 718 2508; x_wconf 90' lang='lat' dir='ltr'>illud</span> <span class='ocrx_word' id='word_1_163' title='bbox 736 2466 773 2508; x_wconf 88' lang='lat' dir='ltr'>ca</span> <span class='ocrx_word' id='word_1_164' title='bbox 812 2466 865 2509; x_wconf 86' lang='lat' dir='ltr'>ere</span> <span class='ocrx_word' id='word_1_165' title='bbox 882 2442 984 2509; x_wconf 89' lang='lat' dir='ltr'>Livor</span> 
     </span>
    </p>

    <p class='ocr_par' dir='ltr' id='par_1_9' title="bbox 175 2528 1008 2784">
     <span class='ocr_line' id='line_1_27' title="bbox 175 2528 989 2615; baseline -0.001 -22"><span class='ocrx_word' id='word_1_166' title='bbox 175 2545 224 2594; x_wconf 84' lang='lat'>130</span> <span class='ocrx_word' id='word_1_167' title='bbox 241 2529 341 2612; x_wconf 90' lang='lat' dir='ltr'>possit</span> <span class='ocrx_word' id='word_1_168' title='bbox 358 2549 448 2615; x_wconf 92' lang='lat' dir='ltr'>opus.</span> <span class='ocrx_word' id='word_1_169' title='bbox 494 2528 595 2593; x_wconf 90' lang='lat' dir='ltr'>doluit</span> <span class='ocrx_word' id='word_1_170' title='bbox 611 2550 761 2593; x_wconf 83' lang='lat' dir='ltr'>successu</span> <span class='ocrx_word' id='word_1_171' title='bbox 802 2552 861 2594; x_wconf 87' lang='lat' dir='ltr'>ava</span> <span class='ocrx_word' id='word_1_172' title='bbox 878 2530 989 2613; x_wconf 89' lang='lat' dir='ltr'>virago</span> 
     </span>
     <span class='ocr_line' id='line_1_28' title="bbox 241 2613 974 2700; baseline 0 -23"><span class='ocrx_word' id='word_1_173' title='bbox 241 2629 274 2678; x_wconf 91' lang='lat' dir='ltr'>et</span> <span class='ocrx_word' id='word_1_174' title='bbox 290 2613 376 2698; x_wconf 89' lang='lat' dir='ltr'>rupit</span> <span class='ocrx_word' id='word_1_175' title='bbox 393 2613 509 2700; x_wconf 85' lang='lat' dir='ltr'>pistas,</span> <span class='ocrx_word' id='word_1_176' title='bbox 528 2614 675 2679; x_wconf 90' lang='lat' dir='ltr'>caelestia</span> <span class='ocrx_word' id='word_1_177' title='bbox 691 2614 837 2692; x_wconf 86' lang='lat' dir='ltr'>crimina,</span> <span class='ocrx_word' id='word_1_178' title='bbox 855 2624 974 2679; x_wconf 87' lang='lat' dir='ltr'>vestes:</span> 
     </span>
     <span class='ocr_line' id='line_1_29' title="bbox 241 2696 1008 2784; baseline -0.001 -21"><span class='ocrx_word' id='word_1_179' title='bbox 241 2709 340 2782; x_wconf 92' lang='lat' dir='ltr'>utque</span> <span class='ocrx_word' id='word_1_180' title='bbox 357 2696 529 2784; x_wconf 84' lang='lat' dir='ltr'>Cytoriaco</span> <span class='ocrx_word' id='word_1_181' title='bbox 545 2700 670 2764; x_wconf 88' lang='lat' dir='ltr'>radium</span> <span class='ocrx_word' id='word_1_182' title='bbox 688 2699 728 2765; x_wconf 91' lang='lat' dir='ltr'>de</span> <span class='ocrx_word' id='word_1_183' title='bbox 745 2710 853 2765; x_wconf 90' lang='lat' dir='ltr'>monte</span> <span class='ocrx_word' id='word_1_184' title='bbox 869 2699 1008 2776; x_wconf 85' lang='lat' dir='ltr'>tenebat,</span> 
     </span>
    </p>
   </div>
   <div class='ocr_carea' id='block_1_3' title="bbox 223 2782 1190 3020">
    <p class='ocr_par' dir='ltr' id='par_1_10' title="bbox 223 2782 1190 3020">
     <span class='ocr_line' id='line_1_30' title="bbox 240 2782 1190 2884; baseline 0.002 -37"><span class='ocrx_word' id='word_1_185' title='bbox 240 2794 289 2848; x_wconf 91' lang='lat' dir='ltr'>ter</span> <span class='ocrx_word' id='word_1_186' title='bbox 306 2794 419 2867; x_wconf 91' lang='lat' dir='ltr'>quater</span> <span class='ocrx_word' id='word_1_187' title='bbox 434 2784 599 2850; x_wconf 88' lang='lat' dir='ltr'>Idmoniae</span> <span class='ocrx_word' id='word_1_188' title='bbox 616 2784 753 2851; x_wconf 87' lang='lat' dir='ltr'>frontem</span> <span class='ocrx_word' id='word_1_189' title='bbox 771 2784 926 2884; x_wconf 87' lang='lat' dir='ltr'>percussit</span> <span class='ocrx_word' id='word_1_190' title='bbox 941 2782 1118 2849; x_wconf 82' lang='lat' dir='ltr'>Arachnes.</span> <span class='ocrx_word' id='word_1_191' title='bbox 1186 2821 1190 2831; x_wconf 86' lang='lat'><strong>·</strong></span> 
     </span>
     <span class='ocr_line' id='line_1_31' title="bbox 223 2869 1005 3020; baseline 0.003 -88"><span class='ocrx_word' id='word_1_192' title='bbox 223 2881 304 2933; x_wconf 81' lang='lat' dir='ltr'>&#39;non</span> <span class='ocrx_word' id='word_1_193' title='bbox 321 2869 394 2934; x_wconf 88' lang='lat' dir='ltr'>tulit</span> <span class='ocrx_word' id='word_1_194' title='bbox 409 2869 521 2936; x_wconf 81' lang='lat' dir='ltr'>infelix</span> <span class='ocrx_word' id='word_1_195' title='bbox 537 2870 716 2954; x_wconf 87' lang='lat' dir='ltr'>laqueoque</span> <span class='ocrx_word' id='word_1_196' title='bbox 734 2891 877 2936; x_wconf 87' lang='lat' dir='ltr'>ammosa</span> <span class='ocrx_word' id='word_1_197' title='bbox 892 2869 1005 3020; x_wconf 65' lang='lat' dir='ltr'>ligpvit</span> 
     </span>
    </p>
   </div>
   <div class='ocr_carea' id='block_1_4' title="bbox 87 2952 1260 4153">
    <p class='ocr_par' dir='ltr' id='par_1_11' title="bbox 174 2952 1075 3041">
     <span class='ocr_line' id='line_1_32' title="bbox 174 2952 1075 3041; baseline -0.004 -19"><span class='ocrx_word' id='word_1_198' title='bbox 174 2973 222 3022; x_wconf 83' lang='lat'>135</span> <span class='ocrx_word' id='word_1_199' title='bbox 240 2965 379 3040; x_wconf 81' lang='lat' dir='ltr'>guttura.</span> <span class='ocrx_word' id='word_1_200' title='bbox 423 2956 613 3041; x_wconf 91' lang='lat' dir='ltr'>pendentem</span> <span class='ocrx_word' id='word_1_201' title='bbox 631 2955 741 3021; x_wconf 86' lang='lat' dir='ltr'>Pallas</span> <span class='ocrx_word' id='word_1_202' title='bbox 757 2956 906 3021; x_wconf 88' lang='lat' dir='ltr'>miserata</span> <span class='ocrx_word' id='word_1_203' title='bbox 953 2952 1040 3019; x_wconf 88' lang='lat' dir='ltr'>vavit</span> <span class='ocrx_word' id='word_1_204' title='bbox 1074 2990 1075 2993; x_wconf 16' lang='grc' dir='ltr'><strong>κ</strong></span> 
     </span>
    </p>

    <p class='ocr_par' dir='ltr' id='par_1_12' title="bbox 133 3038 1215 3213">
     <span class='ocr_line' id='line_1_33' title="bbox 240 3038 1215 3127; baseline 0 -23"><span class='ocrx_word' id='word_1_205' title='bbox 240 3051 336 3123; x_wconf 91' lang='lat' dir='ltr'>atque</span> <span class='ocrx_word' id='word_1_206' title='bbox 354 3040 398 3105; x_wconf 87' lang='lat' dir='ltr'>ita</span> <span class='ocrx_word' id='word_1_207' title='bbox 416 3041 503 3106; x_wconf 86' lang='lat' dir='ltr'>‘vivs</span> <span class='ocrx_word' id='word_1_208' title='bbox 521 3041 665 3124; x_wconf 91' lang='lat' dir='ltr'>quidem,</span> <span class='ocrx_word' id='word_1_209' title='bbox 683 3041 788 3127; x_wconf 91' lang='lat' dir='ltr'>pende</span> <span class='ocrx_word' id='word_1_210' title='bbox 805 3052 926 3118; x_wconf 88' lang='lat' dir='ltr'>tamen,</span> <span class='ocrx_word' id='word_1_211' title='bbox 945 3038 1103 3126; x_wconf 82' lang='lat' dir='ltr'>improha’</span> <span class='ocrx_word' id='word_1_212' title='bbox 1122 3038 1215 3105; x_wconf 71' lang='lat' dir='ltr'>dixitt</span> 
     </span>
     <span class='ocr_line' id='line_1_34' title="bbox 133 3125 1029 3213; baseline 0.002 -25"><span class='ocrx_word' id='word_1_213' title='bbox 133 3133 136 3140; x_wconf 88' lang='lat'>&#39;</span> <span class='ocrx_word' id='word_1_214' title='bbox 240 3126 372 3209; x_wconf 86' lang='lat' dir='ltr'>‘lexque</span> <span class='ocrx_word' id='word_1_215' title='bbox 390 3126 501 3192; x_wconf 90' lang='lat' dir='ltr'>eadem</span> <span class='ocrx_word' id='word_1_216' title='bbox 519 3148 655 3213; x_wconf 88' lang='lat' dir='ltr'>poenae,</span> <span class='ocrx_word' id='word_1_217' title='bbox 671 3149 712 3192; x_wconf 90' lang='lat' dir='ltr'>ne</span> <span class='ocrx_word' id='word_1_218' title='bbox 730 3127 774 3192; x_wconf 88' lang='lat' dir='ltr'>sis</span> <span class='ocrx_word' id='word_1_219' title='bbox 791 3147 903 3193; x_wconf 90' lang='lat' dir='ltr'>secura</span> <span class='ocrx_word' id='word_1_220' title='bbox 919 3125 1029 3202; x_wconf 82' lang='lat' dir='ltr'>futuri,</span> 
     </span>
    </p>

    <p class='ocr_par' dir='ltr' id='par_1_13' title="bbox 239 3210 973 3297">
     <span class='ocr_line' id='line_1_35' title="bbox 239 3210 973 3297; baseline 0 -22"><span class='ocrx_word' id='word_1_221' title='bbox 239 3210 325 3276; x_wconf 89' lang='lat' dir='ltr'>dicta</span> <span class='ocrx_word' id='word_1_222' title='bbox 341 3225 396 3276; x_wconf 89' lang='lat' dir='ltr'>tuo</span> <span class='ocrx_word' id='word_1_223' title='bbox 413 3212 523 3297; x_wconf 82' lang='lat' dir='ltr'>generi</span> <span class='ocrx_word' id='word_1_224' title='bbox 540 3212 681 3295; x_wconf 91' lang='lat' dir='ltr'>serisque</span> <span class='ocrx_word' id='word_1_225' title='bbox 698 3211 867 3297; x_wconf 91' lang='lat' dir='ltr'>nepotibus</span> <span class='ocrx_word' id='word_1_226' title='bbox 885 3210 973 3276; x_wconf 66' lang='lat' dir='ltr'>esto)</span> 
     </span>
    </p>

    <p class='ocr_par' dir='ltr' id='par_1_14' title="bbox 172 3295 1058 3530">
     <span class='ocr_line' id='line_1_36' title="bbox 238 3295 999 3382; baseline 0 -21"><span class='ocrx_word' id='word_1_227' title='bbox 238 3308 310 3382; x_wconf 91' lang='lat' dir='ltr'>post</span> <span class='ocrx_word' id='word_1_228' title='bbox 328 3319 367 3362; x_wconf 86' lang='lat' dir='ltr'>ea</span> <span class='ocrx_word' id='word_1_229' title='bbox 385 3296 549 3362; x_wconf 88' lang='lat' dir='ltr'>discedens</span> <span class='ocrx_word' id='word_1_230' title='bbox 568 3297 652 3362; x_wconf 91' lang='lat' dir='ltr'>sucis</span> <span class='ocrx_word' id='word_1_231' title='bbox 669 3298 863 3362; x_wconf 72' lang='lat' dir='ltr'>Hecateidos</span> <span class='ocrx_word' id='word_1_232' title='bbox 881 3295 999 3363; x_wconf 90' lang='lat' dir='ltr'>herbae</span> 
     </span>
     <span class='ocr_line' id='line_1_37' title="bbox 172 3382 1058 3530; baseline -0.003 -81"><span class='ocrx_word' id='word_1_233' title='bbox 172 3400 222 3451; x_wconf 82' lang='lat'>140</span> <span class='ocrx_word' id='word_1_234' title='bbox 238 3382 363 3530; x_wconf 54' lang='lat' dir='ltr'>{parsit</span> <span class='ocrx_word' id='word_1_235' title='bbox 406 3393 442 3447; x_wconf 90' lang='lat' dir='ltr'>et</span> <span class='ocrx_word' id='word_1_236' title='bbox 455 3382 615 3467; x_wconf 88' lang='lat' dir='ltr'>extemplo</span> <span class='ocrx_word' id='word_1_237' title='bbox 631 3382 713 3447; x_wconf 90' lang='lat' dir='ltr'>tristi</span> <span class='ocrx_word' id='word_1_238' title='bbox 729 3382 938 3447; x_wconf 89' lang='lat' dir='ltr'>medicamine</span> <span class='ocrx_word' id='word_1_239' title='bbox 954 3390 1058 3446; x_wconf 89' lang='lat' dir='ltr'>tactae</span> 
     </span>
    </p>

    <p class='ocr_par' dir='ltr' id='par_1_15' title="bbox 261 3466 1045 3551">
     <span class='ocr_line' id='line_1_38' title="bbox 261 3466 1045 3551; baseline -0.003 -20"><span class='ocrx_word' id='word_1_240' title='bbox 261 3467 400 3532; x_wconf 87' lang='lat' dir='ltr'>efluxere</span> <span class='ocrx_word' id='word_1_241' title='bbox 418 3487 543 3543; x_wconf 90' lang='lat' dir='ltr'>comae,</span> <span class='ocrx_word' id='word_1_242' title='bbox 561 3488 633 3532; x_wconf 90' lang='lat' dir='ltr'>cum</span> <span class='ocrx_word' id='word_1_243' title='bbox 651 3468 724 3551; x_wconf 91' lang='lat' dir='ltr'>quis</span> <span class='ocrx_word' id='word_1_244' title='bbox 741 3478 774 3532; x_wconf 89' lang='lat' dir='ltr'>et</span> <span class='ocrx_word' id='word_1_245' title='bbox 789 3466 874 3532; x_wconf 89' lang='lat' dir='ltr'>naris</span> <span class='ocrx_word' id='word_1_246' title='bbox 892 3481 925 3531; x_wconf 88' lang='lat' dir='ltr'>et</span> <span class='ocrx_word' id='word_1_247' title='bbox 942 3488 1045 3541; x_wconf 87' lang='lat' dir='ltr'>aures,</span> 
     </span>
    </p>

    <p class='ocr_par' dir='ltr' id='par_1_16' title="bbox 237 3550 1240 3638">
     <span class='ocr_line' id='line_1_39' title="bbox 237 3550 1240 3638; baseline 0 -23"><span class='ocrx_word' id='word_1_248' title='bbox 237 3550 335 3635; x_wconf 86' lang='lat' dir='ltr'>fitque</span> <span class='ocrx_word' id='word_1_249' title='bbox 353 3562 449 3638; x_wconf 88' lang='lat' dir='ltr'>caput</span> <span class='ocrx_word' id='word_1_250' title='bbox 465 3552 642 3617; x_wconf 88' lang='lat' dir='ltr'>minimum.</span> <span class='ocrx_word' id='word_1_251' title='bbox 685 3562 752 3618; x_wconf 91' lang='lat' dir='ltr'>toto</span> <span class='ocrx_word' id='word_1_252' title='bbox 770 3572 897 3635; x_wconf 88' lang='lat' dir='ltr'>quoque</span> <span class='ocrx_word' id='word_1_253' title='bbox 914 3572 1044 3637; x_wconf 86' lang='lat' dir='ltr'>corpore</span> <span class='ocrx_word' id='word_1_254' title='bbox 1061 3573 1161 3636; x_wconf 86' lang='lat' dir='ltr'>parva</span> <span class='ocrx_word' id='word_1_255' title='bbox 1177 3559 1240 3616; x_wconf 78' lang='lat' dir='ltr'>este</span> 
     </span>
    </p>

    <p class='ocr_par' dir='ltr' id='par_1_17' title="bbox 237 3634 1007 3723">
     <span class='ocr_line' id='line_1_40' title="bbox 237 3634 1007 3723; baseline 0.001 -24"><span class='ocrx_word' id='word_1_256' title='bbox 237 3634 270 3699; x_wconf 90' lang='lat' dir='ltr'>in</span> <span class='ocrx_word' id='word_1_257' title='bbox 287 3636 386 3703; x_wconf 90' lang='lat' dir='ltr'>latere</span> <span class='ocrx_word' id='word_1_258' title='bbox 403 3637 501 3702; x_wconf 88' lang='lat' dir='ltr'>exiles</span> <span class='ocrx_word' id='word_1_259' title='bbox 519 3637 610 3723; x_wconf 88' lang='lat' dir='ltr'>digiti</span> <span class='ocrx_word' id='word_1_260' title='bbox 628 3658 685 3723; x_wconf 91' lang='lat' dir='ltr'>pro</span> <span class='ocrx_word' id='word_1_261' title='bbox 704 3637 849 3702; x_wconf 84' lang='lat' dir='ltr'>cruribus</span> <span class='ocrx_word' id='word_1_262' title='bbox 865 3636 1007 3714; x_wconf 86' lang='lat' dir='ltr'>haerent,</span> 
     </span>
    </p>

    <p class='ocr_par' dir='ltr' id='par_1_18' title="bbox 87 3720 1100 3891">
     <span class='ocr_line' id='line_1_41' title="bbox 238 3720 1100 3805; baseline 0.001 -21"><span class='ocrx_word' id='word_1_263' title='bbox 238 3730 344 3785; x_wconf 88' lang='lat' dir='ltr'>cetera</span> <span class='ocrx_word' id='word_1_264' title='bbox 359 3732 471 3787; x_wconf 84' lang='lat' dir='ltr'>venter</span> <span class='ocrx_word' id='word_1_265' title='bbox 487 3722 592 3787; x_wconf 87' lang='lat' dir='ltr'>habet.</span> <span class='ocrx_word' id='word_1_266' title='bbox 636 3721 676 3787; x_wconf 93' lang='lat' dir='ltr'>de</span> <span class='ocrx_word' id='word_1_267' title='bbox 694 3743 758 3805; x_wconf 91' lang='lat' dir='ltr'>quo</span> <span class='ocrx_word' id='word_1_268' title='bbox 775 3733 882 3787; x_wconf 90' lang='lat' dir='ltr'>tamen</span> <span class='ocrx_word' id='word_1_269' title='bbox 898 3722 952 3786; x_wconf 91' lang='lat' dir='ltr'>illa</span> <span class='ocrx_word' id='word_1_270' title='bbox 969 3720 1100 3787; x_wconf 88' lang='lat' dir='ltr'>remittit</span> 
     </span>
     <span class='ocr_line' id='line_1_42' title="bbox 87 3807 970 3891; baseline -0.003 -18"><span class='ocrx_word' id='word_1_271' title='bbox 87 3820 90 3825; x_wconf 82' lang='lat'>&#39;</span> <span class='ocrx_word' id='word_1_272' title='bbox 171 3824 220 3873; x_wconf 77' lang='lat'>145</span> <span class='ocrx_word' id='word_1_273' title='bbox 238 3814 375 3881; x_wconf 89' lang='lat' dir='ltr'>stamen,</span> <span class='ocrx_word' id='word_1_274' title='bbox 393 3817 426 3871; x_wconf 90' lang='lat' dir='ltr'>et</span> <span class='ocrx_word' id='word_1_275' title='bbox 442 3807 588 3891; x_wconf 88' lang='lat' dir='ltr'>antiquas</span> <span class='ocrx_word' id='word_1_276' title='bbox 606 3818 733 3872; x_wconf 84' lang='lat' dir='ltr'>exercet</span> <span class='ocrx_word' id='word_1_277' title='bbox 749 3829 865 3872; x_wconf 86' lang='lat' dir='ltr'>aranea</span> <span class='ocrx_word' id='word_1_278' title='bbox 881 3807 970 3872; x_wconf 85' lang='lat' dir='ltr'>telas.</span> 
     </span>
    </p>

    <p class='ocr_par' dir='ltr' id='par_1_19' title="bbox 280 3888 1260 3978">
     <span class='ocr_line' id='line_1_43' title="bbox 280 3888 1260 3978; baseline 0.009 -26"><span class='ocrx_word' id='word_1_279' title='bbox 280 3888 387 3973; x_wconf 85' lang='lat' dir='ltr'>Lydia</span> <span class='ocrx_word' id='word_1_280' title='bbox 403 3902 471 3955; x_wconf 90' lang='lat' dir='ltr'>tota</span> <span class='ocrx_word' id='word_1_281' title='bbox 484 3892 599 3968; x_wconf 82' lang='lat' dir='ltr'>fremit,</span> <span class='ocrx_word' id='word_1_282' title='bbox 616 3890 842 3977; x_wconf 89' lang='lat' dir='ltr'>Phrygiaeque</span> <span class='ocrx_word' id='word_1_283' title='bbox 859 3914 917 3978; x_wconf 87' lang='lat' dir='ltr'>per</span> <span class='ocrx_word' id='word_1_284' title='bbox 929 3891 1047 3977; x_wconf 85' lang='lat' dir='ltr'>oppida</span> <span class='ocrx_word' id='word_1_285' title='bbox 1063 3891 1141 3957; x_wconf 86' lang='lat' dir='ltr'>facti</span> <span class='ocrx_word' id='word_1_286' title='bbox 1166 3907 1260 3964; x_wconf 71' lang='lat' dir='ltr'>Mota</span> 
     </span>
    </p>

    <p class='ocr_par' dir='ltr' id='par_1_20' title="bbox 237 3975 1110 4153">
     <span class='ocr_line' id='line_1_44' title="bbox 237 3975 1110 4063; baseline 0.007 -26"><span class='ocrx_word' id='word_1_287' title='bbox 237 3993 346 4037; x_wconf 92' lang='lat' dir='ltr'>rumor</span> <span class='ocrx_word' id='word_1_288' title='bbox 362 3975 387 4038; x_wconf 90' lang='lat' dir='ltr'>it</span> <span class='ocrx_word' id='word_1_289' title='bbox 404 3985 437 4040; x_wconf 90' lang='lat' dir='ltr'>et</span> <span class='ocrx_word' id='word_1_290' title='bbox 452 3998 604 4061; x_wconf 88' lang='lat' dir='ltr'>magnum</span> <span class='ocrx_word' id='word_1_291' title='bbox 622 3976 820 4042; x_wconf 90' lang='lat' dir='ltr'>sermonibus</span> <span class='ocrx_word' id='word_1_292' title='bbox 838 3988 973 4063; x_wconf 87' lang='lat' dir='ltr'>occupat</span> <span class='ocrx_word' id='word_1_293' title='bbox 990 3976 1110 4043; x_wconf 89' lang='lat' dir='ltr'>orbem.</span> 
     </span>
     <span class='ocr_line' id='line_1_45' title="bbox 237 4058 1020 4153; baseline 0.008 -31"><span class='ocrx_word' id='word_1_294' title='bbox 237 4068 311 4127; x_wconf 80' lang='lat' dir='ltr'>ante</span> <span class='ocrx_word' id='word_1_295' title='bbox 328 4080 403 4128; x_wconf 81' lang='lat' dir='ltr'>suos</span> <span class='ocrx_word' id='word_1_296' title='bbox 420 4058 524 4130; x_wconf 91' lang='lat' dir='ltr'>Niobe</span> <span class='ocrx_word' id='word_1_297' title='bbox 541 4062 696 4130; x_wconf 85' lang='lat' dir='ltr'>thalamos</span> <span class='ocrx_word' id='word_1_298' title='bbox 715 4074 907 4153; x_wconf 86' lang='lat' dir='ltr'>cognoverat</span> <span class='ocrx_word' id='word_1_299' title='bbox 923 4063 1020 4142; x_wconf 87' lang='lat' dir='ltr'>illam,</span> 
     </span>
    </p>
   </div>
   <div class='ocr_carea' id='block_1_5' title="bbox 0 0 1404 4500">
    <p class='ocr_par' dir='ltr' id='par_1_21' title="bbox 0 0 1404 4500">
     <span class='ocr_line' id='line_1_46' title="bbox 0 0 1404 4500; baseline 0 4"><span class='ocrx_word' id='word_1_300' title='bbox 0 0 1404 4500; x_wconf 95' lang='lat' dir='ltr'> </span> 
     </span>
    </p>
   </div>
  </div>
 </body>
</html>
