2800 4500
213 302 256 368 60
548 315 583 370 Ρ.
602 313 727 373 OVIDII
743 313 906 372 NASONIS
937 301 955 310 ⁴¹
1000 303 1001 307 ¹

212 440 247 504 in
263 438 377 505 mediis
394 438 489 505 ambo
507 439 655 526 deprensi
671 439 870 527 amplexibus
887 439 1029 506 haerent.

147 544 196 594 185
215 524 369 591 Lemnius
387 526 546 611 extemplo
563 525 674 590 valvas
690 525 841 610 patefecit
858 525 995 591 eburnas

215 610 406 694 admisitque
423 611 509 676 deos.
551 610 598 675 illi
614 611 741 677 iacuere
758 611 847 698 ligati

215 697 363 782 turpiter3
381 707 476 781 atque
494 695 608 779 aliquis
626 696 666 761 de
684 696 733 761 dis
750 717 815 761 non
832 695 973 761 tristibus
991 707 1080 784 optat

215 783 262 849 sic
278 782 347 848 fieri
363 782 480 868 turpisr
498 782 604 867 superi
621 782 732 858 risere,
750 782 868 867 diuque

216 868 295 933 haec
312 867 375 933 fuit
389 867 424 932 in
440 878 508 933 toto
525 867 690 933 notissima
706 867 817 933 fabula
834 868 932 934 caelc.

149 972 199 1023 190
258 953 371 1040 Exigit
387 953 495 1019 indicii
510 973 683 1018 memorem
701 950 875 1040 Cythereia
890 975 1037 1041 poenam,
1066 972 1236 1040 (Leucothoe.)

215 1040 313 1124 inque
330 1039 416 1105 vices
433 1038 538 1116 illum,
555 1049 654 1104 tectos
672 1038 728 1122 qui
744 1040 836 1104 laesit
853 1061 985 1118 amores,

215 1126 313 1191 laedit
330 1146 436 1191 amore
453 1124 532 1210 pari.
575 1124 652 1209 quid
668 1146 769 1203 nunc,
787 1127 972 1211 Hyperione
989 1137 1073 1204 nate,

216 1211 320 1275 forma
337 1211 484 1294 calorque
501 1209 559 1274 tibi
575 1209 761 1294 radiataque
777 1210 899 1276 lumina
914 1213 1065 1297 prosunt?

134 1319 154 1335 ’·
218 1318 333 1397 nempe
351 1295 413 1360 tuis
431 1317 540 1361 omnes
558 1295 614 1379 qui
631 1306 730 1360 terras
747 1296 874 1383 ignibus
891 1297 967 1375 uris,

150 1402 199 1452 195
216 1404 318 1448 urens
334 1381 409 1466 igne
427 1402 523 1458 novc;
541 1380 660 1464 quique
677 1382 785 1446 omnia
802 1404 930 1448 cernere
947 1383 1055 1462 debes,

217 1466 426 1532 Leucothoen
444 1466 460 1531 s'
482 1476 568 1531 ectas
585 1477 618 1532 et
634 1465 757 1552 virgine
774 1467 847 1552 figis
863 1468 897 1532 in
913 1491 987 1543 una,

217 1574 297 1637 quos
314 1552 435 1617 mundo
492 1551 564 1628 bes,
582 1552 700 1616 oculos.
744 1555 839 1617 modo
857 1554 960 1639 surgis
976 1552 1048 1620 Eoo

217 1637 388 1723 temperius
406 1637 509 1713 caelo,
527 1637 621 1701 modo
639 1638 739 1702 serius
755 1638 868 1703 incidis
885 1639 989 1716 undis,

218 1722 445 1809 spectandique
462 1744 552 1787 mora
567 1722 728 1789 brumales
745 1723 879 1809 porrigis
897 1723 1006 1790 horas:

150 1831 200 1880 200
218 1809 326 1874 deficis
343 1808 517 1885 interdurn,
535 1807 711 1891 vitiumque
731 1809 765 1873 in
781 1809 902 1874 lumina
918 1811 1032 1875 mentis

218 1894 330 1960 transit
347 1906 379 1959 et
396 1893 550 1959 obscurus
567 1893 713 1958 mortalia
729 1906 858 1980 pectora
874 1906 983 1962 terres.

218 2002 291 2057 nec,
309 1979 368 2045 tibi
385 1979 471 2063 quod
487 1981 582 2045 lunae
600 1979 690 2045 terris
708 1980 862 2066 propioris
879 1982 922 2045 im
967 2003 986 2046 0

219 2065 389 2142 obstiterit,
405 2065 519 2151 palles:
537 2065 614 2130 facit
630 2065 717 2130 huno
733 2086 822 2130 amor
837 2067 897 2132 iste
914 2088 952 2132 co
964 2089 1061 2133 orem.

219 2151 324 2237 diligis
340 2150 424 2215 hanc
441 2173 547 2215 unam.
590 2172 650 2217 nec
667 2161 699 2216 te
718 2148 937 2237 Clymeneque
954 2151 1158 2237 Rhodosque,

151 2261 201 2310 205
220 2260 279 2303 nec
296 2250 383 2303 tenet
399 2237 528 2303 Aeaeae
545 2236 691 2322 genetrix
707 2236 919 2323 pulcherrima
937 2235 1057 2316 Circes,

219 2345 364 2408 quaeque
381 2334 453 2388 tuos
472 2320 578 2407 Clytie
595 2323 741 2406 quamvis
759 2323 815 2387 des
839 2335 910 2389 ecta
926 2324 1055 2410 petebat

219 2409 421 2484 concubitus,
438 2407 571 2494 ipsoque
587 2408 641 2472 illo
659 2429 758 2493 grave
852 2430 891 2473 us
907 2408 1045 2474 habebat

219 2507 374 2579 tempore:
393 2492 579 2557 Leucotho'e‘
595 2493 766 2557 multarum
784 2493 901 2558 oblivia
918 2493 1004 2572 fecit,

219 2580 323 2664 gentis
340 2578 515 2643 odoriferae
533 2599 629 2661 quam
646 2577 873 2643 formosissima
889 2591 983 2664 partu

152 2686 202 2736 110
220 2664 318 2730 edidit
334 2662 529 2748 Eurynome.
573 2663 629 2728 sed
646 2673 814 2749 postquam
831 2663 897 2728 filia
913 2665 1021 2742 crevit,
1099 2668 1104 2672 ’

219 2772 315 2834 quam
332 2760 433 2813 mater
450 2758 594 2824 cunctas,
612 2759 678 2813 tam
695 2760 828 2813 matrem
845 2750 911 2815 filia
926 2750 1011 2815 vicit.

219 2834 301 2901 rexit
317 2834 551 2899 Achaemenias
568 2833 663 2900 urbes
681 2845 771 2919 pater
789 2832 984 2913 Orchamus,
1001 2837 1092 2920 isque

220 2920 373 3005 septimus
390 2942 410 2983 a
427 2919 531 3006 prisco
547 2932 733 2985 numeratur
749 2920 870 3006 origine
887 2922 977 2987 Belo.

220 3029 280 3070 axe
297 3006 358 3070 sub
375 3005 533 3090 Hesperio
550 3017 625 3069 sunt
640 3027 760 3090 pascua
779 3004 863 3072 Solis
882 3027 1049 3090 equorum:

152 3112 201 3160 215
220 3090 410 3156 ambrosiam
427 3112 485 3176 pro
502 3091 646 3176 gramine
663 3090 796 3156 habent:
814 3103 853 3157 ea
869 3092 954 3156 fessa
971 3092 1091 3157 diurnis

219 3176 362 3241 membra
378 3176 558 3241 ministeriis
575 3176 673 3240 nutrit
690 3188 879 3261 reparatque
895 3177 1006 3241 labori.

221 3262 360 3346 dumque
377 3261 422 3325 ibi
440 3261 662 3347 quadrupedes
680 3261 828 3327 caelestia
844 3261 962 3347 pabula
979 3274 1123 3346 carpunt,

220 3368 346 3429 noxque
364 3347 466 3411 vicem
484 3347 622 3432 peragit,
639 3346 795 3411 thalamos
812 3347 891 3411 deus
908 3347 1004 3411 intrat
1021 3360 1142 3414 amatos

219 3454 329 3496 versus
346 3433 379 3495 in
396 3431 597 3516 Eurynomes
614 3430 729 3496 faciem
746 3431 928 3517 genetricis,
948 3443 979 3497 et
995 3432 1077 3497 inter

153 3537 203 3588 220
221 3517 270 3581 bis
289 3539 346 3582 sex
362 3516 569 3582 Leucothoen
587 3516 724 3581 famulas
742 3517 783 3581 ad
801 3517 921 3582 lumina
939 3518 1038 3582 cernit

219 3601 303 3666 levia
319 3615 446 3667 versato
463 3601 632 3667 ducentem
650 3602 786 3667 stamina
802 3602 884 3667 fuse.

219 3709 296 3773 ergo
313 3686 369 3751 ubi
388 3709 447 3752 ceu
463 3698 565 3751 mater
582 3708 674 3751 carae
692 3687 779 3752 dedit
796 3688 905 3753 oscula
919 3699 1023 3765 natae,

229 3771 319 3837 “res”
338 3772 382 3837 ait
399 3778 541 3836 “arcana
558 3786 615 3837 est.
658 3771 811 3849 famulae,
830 3771 990 3851 discedite,
1007 3796 1089 3840 neve

220 3857 331 3942 eripite
349 3857 514 3921 arbitrium
530 3856 625 3922 matri
641 3869 764 3922 secreta
779 3857 961 3941 loquendi.’'

151 3962 201 4013 225
218 3956 399 4029 paruerant.
442 3942 645 4028 thalamoque
663 3943 742 4008 deus
759 3943 827 4009 sine
844 3955 923 4009 teste
940 3944 1049 4009 relicto

219 4029 303 4130 “ille
314 4049 375 4115 ego
392 4028 495 4102 sum‚''
513 4028 592 4092 dixit
610 4029 690 4112 “qui
708 4029 839 4094 lonoum
856 4029 969 4096 metior
984 4052 1114 4110 annum,
1194 4035 1198 4042 ”

218 4137 325 4183 omma
342 4114 398 4204 qui
415 4112 524 4192 video,
540 4135 712 4204 perquem
729 4082 816 4186 videt
833 4116 940 4185 omnia
955 4114 1059 4197 tellus,
