2800 4500
241 252 303 321 112
568 267 602 322 P.
622 265 747 325 OVIDII
763 263 926 325 NASONIS

239 389 361 456 interea
377 387 518 455 validum
535 390 637 476 posito
655 390 852 457 medicamen
868 396 948 456 ae'no

239 476 342 541 fervet
359 486 391 540 et
408 476 529 541 exultat
545 476 730 561 spumisque
746 476 941 543 tumentibus
958 473 1052 541 albet

239 561 304 626 illic
320 560 500 627 Haemonia
517 562 639 627 radices
656 562 740 627 valle
756 574 893 629 resectas

172 666 221 718 205
240 647 423 730 seminaque
439 647 596 730 floresque
614 660 645 713 et
663 669 756 713 sucos
772 647 914 730 incoquit
930 656 1029 723 atros;

239 732 336 798 adicit
353 744 494 799 extremo
509 732 632 818 lapides
649 733 770 799 oriente
785 733 902 818 petitos

240 828 272 884 et
288 839 368 902 quas
386 815 510 883 Oceani
527 819 662 884 refluum
679 841 767 884 mare
784 819 862 884 lavit
879 818 1027 892 harenas:

240 903 329 969 addit
344 914 377 969 et
394 914 541 989 exceptas
558 905 635 969 luna
652 915 802 990 pernocte
818 903 949 989 pruinas

171 1065 173 1069 .
240 1001 272 1054 et
288 989 394 1075 strigis
404 989 546 1054 infames
563 989 640 1075 ipsis
658 1012 732 1055 cum
749 989 896 1055 carnibus
915 990 991 1067 alas,

172 1094 223 1144 270
239 1076 336 1160 inque
352 1075 456 1139 virum
474 1074 557 1139 soliti
573 1075 681 1140 vultus
698 1085 822 1140 mutare
839 1074 957 1140 ferinos

239 1159 382 1246 ambigui
398 1171 544 1246 prosecta
560 1160 638 1245 lupi.
680 1182 741 1225 nec
757 1159 860 1225 defuit
876 1159 938 1225 illis

181 1270 183 1273 ·
240 1268 393 1330 squamea
410 1243 562 1331 Cinyphii
579 1245 682 1311 tenuis
699 1245 885 1311 membrana
901 1245 1043 1330 chelydri

239 1331 421 1415 vivacisque
438 1331 527 1398 iecur
544 1331 639 1408 cervi,
656 1330 773 1414 quibus
790 1331 861 1396 insu
885 1354 920 1396 er
936 1331 1025 1396 addit

149 1457 172 1492 -q
239 1438 295 1481 ora
313 1427 471 1502 caputque
487 1438 602 1482 novem
620 1415 755 1481 cornicis
772 1438 845 1487 saec
881 1438 1040 1502 apassae.

172 1523 221 1571 275
238 1502 288 1566 his
306 1513 338 1568 et
355 1501 440 1566 mille
457 1501 527 1567 aliis
544 1512 712 1587 postquam
730 1501 798 1567 sine
814 1502 942 1567 nomine
959 1502 1054 1566 rebus

239 1587 435 1674 propositum
451 1586 601 1653 instruxit
618 1587 743 1652 mortali
760 1587 896 1653 barbara
912 1587 1025 1664 maius,

240 1673 340 1739 arenti
356 1693 445 1738 ramo
462 1672 649 1758 iampridem
665 1672 751 1738 mitis
769 1673 872 1738 olivae

239 1758 346 1825 omnia
363 1758 506 1824 confudit
523 1758 718 1842 summisque
734 1758 906 1823 immiscuit
922 1757 996 1824 ima.

240 1866 313 1910 ecce
330 1854 423 1910 vetus
440 1844 542 1909 calido
559 1854 705 1910 versatus
722 1844 819 1930 stipes
837 1849 917 1909 aeno

171 1950 222 2000 280
238 1930 275 1996 fit
291 1929 399 1997 viridis
416 1930 532 2016 primo,
549 1952 609 1996 nec
625 1929 723 2016 longo
741 1940 883 2015 tempore
900 1929 1029 1998 frondes

238 2015 342 2081 induit
359 2026 390 2080 et
407 2015 512 2080 subito
529 2014 670 2101 gravidis
687 2026 837 2081 oneratur
854 2014 955 2080 olivis.

240 2112 274 2166 at
291 2122 492 2185 quacumque
510 2122 589 2166 cavo
607 2123 736 2187 spumas
754 2100 846 2166 eiecit
863 2105 943 2166 aeno

240 2187 340 2274 ignis,
357 2198 389 2254 et
405 2187 439 2252 in
455 2198 573 2253 terram
589 2197 700 2273 guttae
718 2186 860 2253 cecidere
877 2187 1025 2264 calentes,

237 2284 349 2340 vernat
365 2272 494 2351 humus,
511 2273 668 2356 floresque
684 2285 718 2339 et
734 2273 843 2338 mollia
859 2272 978 2358 pabula
994 2282 1138 2357 surgunt.

171 2378 221 2428 285
239 2380 322 2443 quae
339 2359 472 2423 simulac
488 2358 582 2435 vidit,
600 2358 708 2423 stricto
725 2357 845 2424 Medea
861 2357 996 2423 recludit

239 2467 314 2511 ense
331 2444 414 2511 senis
431 2444 593 2528 iugulum,
610 2455 813 2528 veteremque
831 2443 918 2509 exire
935 2464 1080 2508 cruorem

237 2551 346 2616 passa,
364 2530 465 2616 replet
482 2529 576 2593 sucis.
619 2549 700 2612 quos
718 2540 888 2615 postquam
905 2528 1058 2594 combibit
1074 2529 1185 2595 Aeson

238 2626 366 2681 autore
383 2625 530 2700 acceptos
548 2626 604 2679 aut
621 2614 766 2691 vulnere,
784 2614 885 2679 barba
901 2635 1074 2698 comaeque

238 2700 352 2767 canitie
369 2700 473 2786 posita
487 2699 615 2786 nigrum
631 2723 766 2785 rapuere
784 2701 929 2765 colorem.

169 2804 221 2856 200
237 2786 331 2873 pulsa
346 2785 429 2872 fugit
445 2785 577 2862 macies,
595 2785 715 2850 abeunt
731 2786 894 2872 pallorque
912 2785 1064 2869 situsque,

238 2871 424 2956 adiectoque
442 2893 539 2937 cavae
556 2871 743 2957 supplentur
760 2893 891 2958 corpore
908 2893 1018 2957 rugae,

238 2957 444 3040 membraque
461 2956 633 3022 luxuriant.
676 2958 788 3023 Aeson
804 2957 937 3021 miratur
954 2968 986 3022 et
1002 2957 1076 3021 olim

239 3054 312 3109 ante
330 3041 558 3126 quaterdenos
575 3042 660 3107 hunc
677 3065 712 3108 00
729 3042 940 3108 reminiscitur
956 3064 1065 3107 annos.

280 3128 415 3194 Viderat
432 3151 472 3193 ex
489 3128 553 3192 alto
571 3128 651 3192 tanti
669 3128 821 3193 miracula
838 3128 969 3192 monstri
1146 3127 1247 3209 300010·

171 3234 222 3284 000
239 3213 350 3291 Liber,
368 3224 401 3280 et
418 3213 598 3278 admonitus
615 3214 746 3278 iuvenes
763 3212 940 3277 nutricibus
957 3234 1057 3277 annos
1137 3204 1261 3250 numm·

237 3321 332 3386 posse
349 3299 415 3364 suis
432 3298 536 3375 reddi,
555 3298 639 3384 capit
656 3297 717 3363 hoc
735 3321 754 3363 a
772 3295 925 3362 Colchide
941 3320 1067 3362 munus.

280 3385 371 3450 Neve
389 3384 453 3449 doli
470 3394 607 3460 cessent,
625 3383 733 3448 odium
751 3405 823 3448 cum
842 3382 976 3468 coniuge
993 3383 1109 3448 falsum
1161 3400 1261 3457 Pelias.

237 3471 373 3535 Phasias
390 3469 554 3534 assimulat
569 3468 743 3551 Peliaeque
761 3468 801 3532 ad
818 3467 928 3532 limina
945 3468 1081 3555 supplex

175 3619 176 3622 ,
238 3556 392 3641 confugit
436 3564 531 3638 atque
547 3554 648 3632 illam,
666 3553 817 3638 quoniam
833 3554 940 3637 gravis
956 3554 1024 3639 ipse
1042 3564 1169 3620 senecta
1186 3568 1245 3633 est,

170 3661 221 3712 000
239 3641 400 3725 excipiunt
416 3651 524 3706 natae:
542 3661 622 3724 quas
638 3654 781 3724 tempore
798 3638 911 3703 callida
927 3661 1027 3725 parvo

239 3724 369 3791 Colchis
386 3725 543 3790 amicitiae
559 3725 722 3790 mendacis
738 3724 878 3809 imagine
895 3726 988 3811 cepit.

239 3812 378 3894 dumque
395 3810 492 3876 refert
509 3810 591 3875 inter
607 3810 792 3875 meritorum
809 3810 961 3887 maxima,
979 3810 1124 3897 demptos

237 3896 375 3961 Aesonis
392 3918 461 3961 esse
478 3895 572 3973 situs,
590 3908 685 3978 atque
703 3894 764 3960 hac
780 3894 814 3959 in
830 3907 920 3981 parte
936 3907 1088 3975 moratur,

238 4003 310 4067 spes
328 3990 377 4045 est
393 3979 569 4065 virginibus
587 3980 679 4045 Pelia
696 3980 839 4047 subiecta
856 3981 980 4058 creatis,

171 4084 220 4136 too
238 4077 305 4133 arte
323 4088 416 4132 suum
433 4064 526 4151 parili
542 4065 733 4155 revirescere
749 4089 843 4154 posse
860 4078 1034 4153 parentem.
