2800 4500
185 352 188 356 ,
297 298 664 357 METAMORPHOSEON
680 300 754 355 LIB.
773 302 813 356 X:
829 303 986 359 olo-'tots
1085 290 1147 357 179

123 423 231 489 aridus
249 446 268 490 e
284 423 368 488 lasso
385 423 533 490 veniebat
550 422 707 490 anhelitus
724 445 794 502 ore3

122 521 272 592 metaque
290 521 358 575 erat
373 509 483 595 longe:
500 519 568 574 tum
587 508 723 593 denique
741 508 781 575 de
798 509 898 574 tribus
916 533 1016 575 unum

122 593 241 658 fetibus
259 594 398 659 arboreis
415 594 519 680 proles
537 595 698 679 Neptunia
716 595 810 659 misit.
1166 616 1215 668 665

122 678 276 764 obstipuit
292 678 393 764 virgo,
410 680 564 763 nitidique
582 679 730 765 cupidine
746 681 834 767 pomi

123 764 261 829 deolinat
278 785 389 829 aursus
407 786 584 848 aurumque
601 764 740 830 volubile
757 766 847 830 tollit.

118 849 271 949 praeterit
288 850 523 934 Hippomenes:
540 861 690 915 resonant
708 852 888 936 spectacula
904 853 1028 938 plausu.

44 954 96 997 a»
108 935 427 1003 mammantes
444 946 629 1019 oessataque
646 946 790 1021 tempora
806 958 901 1002 eursu

384 1021 497 1085 iterum
514 1021 662 1085 iuvenem
679 1032 752 1107 post
769 1033 860 1108 terga
876 1021 1034 1107 relinquit.
1165 1043 1217 1095 oto

401 1105 488 1170 iaetu
505 1116 662 1171 remorata
680 1107 812 1172 secundi

382 1191 517 1274 rasitque
534 1191 648 1255 virum.
692 1214 767 1278 pars
783 1193 895 1257 ultima
912 1214 1023 1258 cursus

382 1276 457 1340 uo'''
475 1276 577 1360 inquit
594 1277 716 1353 “‘ades,
733 1278 795 1343 dea
811 1278 951 1344 muneris
969 1279 1129 1345 auetorl'’'

381 1361 455 1446 npi,
473 1382 536 1444 quo
554 1362 674 1427 tardius
691 1363 747 1428 illa
763 1364 889 1441 rediret,
1007 1432 1012 1443 ,

380 1464 401 1508 ο
419 1446 553 1511 nitidum
570 1447 758 1513 iuvenaliter
774 1472 913 1513 aurum.
1164 1473 1213 1522 675

380 1550 424 1615 go
441 1531 510 1597 risa
528 1544 576 1597 est
594 1533 754 1599 dubitaret
773 1536 864 1620 eoe'gi

379 1617 395 1680 ri
414 1617 539 1683 sublato
556 1618 698 1703 pondera
715 1620 809 1701 malo,

378 1701 435 1767 sris
452 1702 569 1788 pariter
586 1704 744 1789 gravitate
760 1726 923 1790 moraque.

378 1804 436 1852 mo‘
447 1811 542 1853 eursu
560 1789 600 1853 sit
617 1789 737 1854 tardior
752 1790 837 1875 ipso:

378 1872 476 1958 rirg03
494 1874 585 1938 duxit
601 1896 661 1938 sua
676 1877 819 1959 praemia
836 1876 945 1942 vietor.

378 1969 465 2023 rates
483 1970 606 2043 ageret,
625 1959 677 2024 oui
693 1960 774 2024 turis
791 1960 943 2027 honorem
1030 2002 1052 2010 ιι

388 2043 455 2106 fui?
480 2066 540 2109 neo
557 2055 663 2129 grates
680 2044 848 2110 immemor
864 2048 930 2131 egit
1065 2059 1070 2068 '

379 2127 482 2192 deditt
508 2129 645 2193 subitam
663 2141 830 2195 convertor
847 2132 878 2195 in
896 2132 986 2209 iram,

383 2212 508 2292 dolens,
527 2236 566 2280 ne
584 2214 645 2279 sim
663 2215 842 2301 spernenda
858 2215 984 2295 futuris,

378 2329 395 2374 ·,
414 2320 527 2382 meque
544 2300 614 2385 ipsa
632 2301 781 2365 exhortor
796 2301 830 2366 in
847 2303 968 2368 ambos.

380 2384 479 2448 Matri
497 2407 579 2469 quae
597 2386 758 2470 quondam
776 2388 879 2452 elatus
897 2387 1022 2454 Echion

377 2489 402 2546 t,
421 2470 595 2536 nemorosis
613 2470 721 2535 abdita
739 2472 836 2550 silvis,

376 2555 436 2620 iter
452 2556 584 2641 longum
601 2558 799 2641 requiescere
817 2560 926 2624 suasit.

376 2662 385 2704 s
402 2642 626 2726 intempestiva
643 2642 760 2728 cupido

375 2748 507 2804 menen,
525 2750 545 2791 a
562 2728 691 2793 numine
710 2728 833 2793 connita
849 2740 968 2794 nostro.

389 2811 493 2876 fuerat
510 2833 610 2898 prope
628 2814 747 2897 templa
764 2834 917 2893 recessus,

374 2896 429 2970 lis,
446 2897 555 2962 nativo
571 2897 698 2982 pumice
716 2909 828 2974 teotus,

372 2982 508 3066 prisea,
527 3002 591 3066 quo
607 2982 710 3047 multa
727 2984 873 3048 saoerdos

371 3079 416 3131 rat
432 3078 575 3132 veterum
592 3068 762 3133 simulacra
779 3068 921 3135 deorum.

370 3152 440 3216 etito
459 3163 590 3218 temerat
607 3154 746 3219 sacraria
763 3154 890 3239 probro.

369 3248 418 3301 rnt
434 3238 557 3315 oeulos3
575 3239 751 3323 turritaque
769 3241 885 3318 Mater,

368 3333 428 3397 tes,
447 3322 617 3401 dubitavit,
636 3336 795 3410 mergeret
810 3326 907 3389 unda.

367 3429 400 3470 sa
418 3420 474 3472 est.
519 3431 595 3494 ergo
613 3409 708 3473 modo
725 3410 809 3474 levia
825 3411 933 3475 fulvae

366 3492 444 3568 lant,
464 3493 554 3578 digiti
571 3506 743 3559 curvantur
760 3495 793 3559 in
810 3518 944 3581 ungues,

364 3576 389 3639 ri
405 3575 499 3653 fiunt,
515 3578 695 3664 inppeetora
712 3590 814 3644 toturn

363 3684 498 3728 summae
515 3663 618 3728 cauda
636 3676 806 3730 verruntur
822 3665 970 3731 harenae.

361 3746 445 3822 abet,
463 3769 521 3832 pro
538 3749 642 3813 verbis
660 3773 823 3815 murmura
839 3750 987 3828 reddunt,

360 3831 513 3897 eelebrent
530 3834 639 3900 silvas:
658 3833 791 3919 ahisque
808 3836 940 3901 timendi

358 3929 374 3980 t
391 3916 509 3982 domito
529 3916 683 4004 Cybeleia
700 3921 791 3986 frena
807 3922 925 3986 leones.

115 4004 173 4064 hos
190 4012 240 4075 tu,
259 4002 440 4079 caremihi,
458 4023 595 4087 eumque
613 4006 662 4070 his
679 4028 781 4091 genus
800 4028 893 4071 omne
909 4007 1061 4085 ferarum,

3 4164 5 4171 Ι
114 4085 200 4174 quod
216 4107 280 4152 non
297 4099 386 4178 terga
403 4089 514 4178 fugae,
533 4090 590 4157 sed
606 4112 734 4179 pugnae
751 4104 881 4181 pectora
898 4094 1040 4178 praebet,

915 4192 967 4258 12·ι
