2800 4500
235 270 300 340 202
567 282 601 342 1.
620 282 745 345 011011
761 282 924 345 11100100

167 431 217 483 100
235 434 309 476 ense
327 419 453 497 petens,
465 431 615 559 parmam
631 410 739 511 gladio
756 410 944 496 galeamque
961 407 1068 476 cavari

234 496 347 573 cernit,
366 507 399 561 at
414 497 448 560 in
487 517 544 560 uro
561 495 644 562 laedi
661 517 790 579 quoque
808 517 938 581 corpore
955 494 1085 562 ferrum.

233 581 320 646 haud
336 582 409 647 tulit
425 581 571 659 ulterius,
590 582 756 668 clipeoque
773 580 907 646 adversa
922 582 1040 646 reiecto

233 679 281 733 ter
298 678 409 753 quater
426 688 482 731 ora
498 666 559 731 viri
576 668 690 753 capulo
708 677 741 732 et
757 689 836 732 cava
853 678 996 752 tempora
1012 667 1131 753 pulsate

233 752 420 837 cedentique
438 773 573 835 sequens
590 753 688 817 instat
704 752 875 836 turbatque
891 751 1017 836 ruitque

166 857 215 908 105
233 838 428 922 attonitoque
445 848 544 924 negat
556 838 712 923 requiem.
755 859 855 924 pavor
872 849 1008 924 occupat
1023 837 1123 916 illum,

233 935 307 989 ante
324 925 496 1007 oculosque
511 934 624 988 natant
640 924 800 989 tenebrae.
842 933 989 1007 retroque
1006 922 1119 989 serenti

233 1030 359 1074 aversos
376 1031 490 1095 passus
506 1009 611 1074 medio
628 1008 709 1094 lapis
726 1008 847 1073 obstitit
863 1029 950 1074 arvo.

233 1116 329 1179 quem
347 1117 442 1180 super
458 1094 630 1179 impulsum
646 1094 796 1243 resupino
810 1115 942 1180 corpore
959 1090 1107 1181 Cycnum

233 1180 265 1244 vi
282 1181 383 1245 multa
399 1179 493 1245 vertit
510 1191 675 1263 terraeque
693 1202 713 1244 0
734 1179 815 1244 flixit
830 1178 984 1245 Achilles.

166 1285 216 1336 140
233 1276 302 1330 tum
320 1265 421 1351 clipeo
438 1264 637 1355 genibusque
654 1287 801 1351 premens
817 1264 1003 1350 praecordia
1020 1264 1107 1331 duris

233 1351 338 1416 vincla
353 1350 450 1416 trahit
467 1350 591 1436 galeae:
610 1372 692 1433 quae
709 1371 819 1435 presso
836 1350 962 1415 subdita
979 1361 1086 1417 mento

174 1448 179 1457 '
233 1437 353 1502 elidunt
369 1436 479 1501 fauces
497 1447 529 1501 et
544 1436 739 1521 respiramen
755 1436 878 1519 iterque

233 1521 370 1607 eripiunt
386 1522 520 1586 animae.
563 1521 683 1586 victum
701 1521 836 1670 spoliare
852 1521 999 1607 parabat:

172 1632 177 1639 ¹
233 1630 322 1673 arma
337 1606 447 1673 relicta
462 1606 563 1684 videt3
582 1627 697 1691 corpus
738 1628 794 1671 eus
812 1607 958 1690 aequoris
975 1609 1080 1673 albam

166 1712 215 1762 145
234 1692 364 1758 contulit
381 1691 414 1757 in
432 1693 608 1769 volucrem,
626 1691 718 1757 cuius
734 1690 829 1756 modo
847 1713 962 1757 nomen
980 1693 1128 1760 habebat.

275 1778 341 1843 Hic
356 1778 456 1856 labor,
473 1777 553 1843 haec
569 1777 713 1860 requiem
729 1778 901 1842 multorum
917 1800 1028 1864 pugna
1045 1779 1169 1844 dierum
1192 1778 1257 1833 01¹2·

233 1864 350 1941 attulit,
369 1874 400 1928 et
417 1863 527 1949 positis
544 1885 618 1949 pars
635 1874 770 1947 utraque
787 1863 926 1928 substitit
943 1865 1049 1929 armis.
1184 1863 1256 1901 m·

233 1948 373 2033 dumque
390 1948 467 2035 vigil
483 1947 642 2034 Phrygios
660 1957 766 2013 servat
783 1949 927 2013 custodia
942 1971 1066 2027 muros‚.

233 2046 265 2100 et
282 2033 359 2120 vigil
377 2034 545 2120 Argolicas
563 2044 669 2099 servat
686 2032 830 2099 custodia
845 2033 958 2112 fossas,

167 2140 216 2188 150
234 2120 316 2185 festa
333 2120 400 2184 dies
417 2121 540 2197 aderat,
559 2141 624 2203 qua
641 2116 745 2205 Cycni
762 2120 864 2185 victor
880 2120 1023 2187 Achilles
1089 2158 1091 2162 ·

231 2204 367 2272 Pallada
383 2215 538 2271 mactatae
555 2204 703 2292 placabat
720 2204 875 2292 sanguine
891 2227 1018 2274 vaccae.

233 2292 323 2357 cuius
340 2303 378 2356 ut
393 2291 545 2377 imposuit
561 2302 705 2377 prosecta
722 2291 898 2358 calentibus
916 2292 989 2371 aris,

233 2388 266 2442 et
282 2378 331 2441 dis
349 2387 498 2461 acceptus
514 2376 691 2462 penetravit
707 2376 741 2440 in
758 2376 888 2443 aethera
903 2378 1006 2458 nidor,

234 2485 324 2527 sacra
340 2462 441 2527 tulere
458 2485 564 2539 suam,
580 2484 656 2548 pars
672 2473 722 2527 est
738 2461 814 2526 (1010
830 2474 936 2528 cetera
952 2463 1079 2529 mensis.

167 2565 215 2616 155
234 2548 422 2613 discubuere
440 2547 515 2611 toris
532 2568 678 2633 proceres
696 2557 729 2612 et
745 2568 878 2633 corpora
894 2558 977 2614 tosta

234 2655 328 2700 came
345 2633 482 2718 replent,
499 2631 637 2716 vinoque
653 2631 762 2697 levant
778 2654 933 2718 curasque
950 2635 1107 2719 sitimque.
1137 2651 1139 2660 ’

233 2740 298 2784 non
313 2718 384 2783 illos
403 2717 556 2794 citharae,
572 2739 638 2782 non
654 2717 725 2782 illos
743 2718 884 2783 carmina
900 2741 1014 2786 vocum

233 2804 370 2890 longave
386 2802 540 2867 multifori
557 2803 695 2868 delectat
711 2803 790 2868 tibia
806 2804 895 2882 buxi,

233 2890 290 2955 sed
307 2899 432 2954 noctem
450 2910 592 2954 sermone
609 2887 752 2967 trahunt,
769 2890 933 2973 virtusque
950 2889 1099 2974 loquendi

166 2992 216 3043 100
232 2975 366 3041 materia
382 2984 441 3040 est.
483 2996 626 3060 pugnam
642 2975 785 3040 referunt
801 2975 964 3059 hostisque
981 2998 1145 3060 suamque,

232 3061 330 3146 inque
347 3058 432 3125 vices
449 3060 536 3125 adita
552 3071 647 3144 atque
664 3060 821 3125 exhausta
836 3061 978 3147 pericula
995 3084 1089 3147 saepe

233 3167 479 3211 commemorare
495 3145 594 3210 iuvat.
637 3146 715 3229 quid
732 3145 817 3210 euim
833 3148 1014 3229 loqueretur
1031 3145 1194 3212 Achilles?

233 3242 289 3296 aut
305 3232 383 3315 quid
400 3230 486 3316 apud
502 3253 656 3316 magnum
673 3232 780 3316 potius
797 3233 1000 3314 loquerentur
1017 3232 1197 3297 Achillem?

232 3317 377 3418 proxima
393 3316 563 3402 praecipue
580 3315 699 3380 domito
717 3316 848 3381 victoria
865 3314 977 3401 Cycno

167 3420 215 3469 165
233 3426 264 3466 10
284 3405 429 3468 sermone
445 3401 515 3465 fuit.
559 3401 663 3466 visum
680 3402 824 3466 mirabile
842 3403 974 3480 cunctis,

233 3487 319 3570 quod
335 3486 443 3551 iuveni
460 3507 575 3572 corpus
592 3488 679 3551 nullo
696 3487 890 3571 penetrabile
907 3489 971 3552 telo
1004 3537 1007 3543 -

232 3572 448 3656 invictumque
466 3595 487 3636 a
503 3572 633 3637 vulnere
651 3582 720 3637 erat
736 3571 919 3655 ferrumque
936 3573 1068 3639 terebat.

232 3657 293 3722 hoc
310 3657 378 3742 ipse
396 3655 569 3733 Aeacides,
587 3657 647 3721 1100
664 3656 861 3721 mirabantur
877 3657 1009 3737 Achivi3

177 3799 182 3806 ,
234 3764 307 3806 cum
325 3742 371 3807 sic
387 3741 505 3807 Nestor
522 3741 579 3806 ait:
598 3748 718 3806 ‘vestro
735 3741 796 3806 fuit
812 3742 926 3806 unicus
943 3764 1023 3808 aevo

166 3847 217 3897 110
234 3838 432 3914 contemptor
447 3826 523 3891 ferri
539 3826 690 3910 nulloque
707 3825 849 3891 forabilis
865 3827 931 3892 ictu

236 3910 376 3998 Cycnus.
419 3923 453 3976 at
469 3912 538 3996 ipse
555 3912 630 3976 olim
670 3910 818 3977 atieutem
836 3914 968 3978 vulnera
984 3913 1069 3979 mille

235 4018 365 4082 corpore
382 4017 446 4059 non
463 3997 548 4060 laeso
565 3933 783 4063 Perrbaebum
803 3995 932 4062 Caenea
948 3998 1028 4063 vidi:

236 4079 364 4148 Caenea
380 4079 613 4161 Perrhaebum,
631 4082 687 4167 qui
704 4081 797 4148 factis
814 4083 940 4148 1110111110
959 4083 1087 4172 Othryn
