2800 4500
314 262 683 320 uerrucarucsnou
699 263 773 318 nra.
791 263 843 318 ru.
863 264 1007 320 rao-mr.
1111 245 1173 316 185

152 390 289 456 dedecus
307 388 453 466 auderet,
469 387 602 473 cupiens
619 385 732 453 efferre
750 386 811 452 sub
828 410 932 466 auras,

151 499 211 542 nec
250 487 335 541 osset
350 474 482 541 reticere
499 485 620 549 tamen,
639 472 759 537 secedit
774 472 971 556 humumque
1195 491 1243 543 185

152 499 263 628 effotht
280 572 326 639 et,
344 559 463 625 domini
480 559 589 643 quales
607 557 767 643 aspexerit
783 580 886 634 aures,

152 669 230 712 voce
248 646 344 712 refert
360 668 460 732 parva
476 657 642 728 terraeque
658 643 1027 725 inmurmurathaustae,

151 731 367 815 indiciumque
385 753 462 796 suae
479 730 566 796 vocis
582 729 695 795 tellure
713 738 838 814 regesta

152 817 271 893 obruit,
290 830 322 883 et
339 816 505 882 scrobibus
521 813 635 880 tacitus
653 814 786 880 discedit
805 813 931 900 opertis.

152 902 263 968 creber
278 901 508 967 harundinibus
525 900 667 966 tremulis
683 898 730 964 ibi
747 921 876 985 surgere
892 899 984 964 lucus
1196 919 1244 969 190

153 988 256 1073 coepit
273 998 319 1065 et,
335 998 373 1052 ut
389 987 527 1074 primum
544 985 638 1072 pleno
656 983 808 1050 maturuit
825 1006 919 1060 anno,
1243 1002 1245 1009 ’

152 1072 292 1159 prodidit
308 1096 328 1138 a
368 1072 491 1138 'colam
533 1070 598 1136 leni
614 1093 689 1136 nam
707 1080 812 1134 motus
830 1069 871 1134 ab
889 1079 997 1135 austro
1020 1105 1025 1121 ,

152 1159 267 1223 obruta
282 1180 340 1223 ver
398 1157 509 1233 refert,
528 1155 712 1240 dominique
730 1154 874 1241 coarguit
889 1176 992 1219 aures.

194 1242 292 1308 Ultus
310 1242 376 1307 abit
392 1242 507 1306 Tmolo
524 1241 742 1326 liquidumque
759 1262 817 1326 per
834 1245 907 1305 abra
923 1251 1034 1305 vectus
1093 1239 1245 1321 laomedon

152 1339 324 1415 angustum
342 1328 421 1394 citra
437 1338 570 1414 pontum
585 1326 800 1428 Nepheleidos
817 1326 929 1391 Helles
1090 1308 1244 1361 ΗΜ·

152 1412 400 1479 Laomedonteis
417 1411 552 1479 Latoius
570 1412 668 1478 astitrt
685 1411 779 1477 arvis.
1197 1430 1245 1480 196

153 1500 283 1565 dextera
302 1497 406 1585 Sigei,
424 1497 560 1565 Rhoetei
576 1498 669 1564 laeva
685 1496 836 1582 profundi

153 1607 208 1650 ara
224 1584 452 1670 Panomphaeo
470 1594 561 1649 vetus
578 1593 627 1648 est
644 1593 768 1648 sacrata
784 1581 933 1647 Tonanti.

151 1670 226 1736 inde
243 1691 345 1736 novae
362 1669 500 1755 primum
516 1668 620 1734 moliri
637 1668 763 1733 moenia
779 1668 896 1732 Troiae

152 1755 374 1821 Laomedonta
384 1754 492 1831 ridet,
509 1765 721 1840 susceptaque
737 1775 856 1838 magna
871 1752 981 1819 labore

153 1863 294 1907 crescere
312 1839 434 1905 difficili
449 1861 509 1905 nec
526 1861 604 1926 opes
621 1860 793 1924 exposuere
809 1861 939 1924 parvasr

153 1947 289 2009 cumque
306 1924 510 2011 tridentigero
528 1923 642 1989 tumidi
681 1923 801 1988 enitare
817 1922 969 2006 profundi

152 2012 318 2076 mortalem
334 2009 477 2074 induitur
492 2009 643 2085 formam,
658 1945 751 2093 l'hry
773 2008 885 2093 ‘aeque
903 2021 1038 2093 tyranno
1148 2000 1151 2006 ’

154 2094 323 2160 aedificant
339 2115 461 2170 muros,
477 2094 563 2179 pacti
580 2115 638 2179 pro
655 2114 760 2157 moem
782 2115 822 2158 us
839 2114 963 2157 aurum.

154 2180 259 2245 stabat
275 2201 369 2267 opust
387 2178 523 2265 pretium
540 2201 597 2244 rex
612 2176 780 2255 inficiatur,
797 2188 830 2243 et
845 2176 944 2256 addit,

153 2265 305 2351 perfidiae
322 2265 500 2342 cumulum,
516 2265 606 2330 falsis
622 2264 761 2351 periuria
777 2263 892 2329 verbis.

154 2358 233 2416 ‘non
250 2351 380 2452 impune
397 2349 502 2427 feres‚’
519 2359 623 2416 rector
638 2348 736 2414 maris
753 2349 869 2434 inquitt
887 2359 920 2415 et
936 2369 1045 2414 omnes

154 2436 319 2502 inclinavrt
336 2457 435 2520 aquas
452 2435 494 2500 ad
511 2458 626 2502 avarae
642 2434 735 2501 litora
751 2434 879 2511 Troiae,

153 2523 250 2607 inque
267 2521 341 2587 freti
357 2521 492 2586 formam
509 2531 608 2587 terras
626 2520 790 2596 convertit,
809 2540 948 2606 opesque

44 2682 45 2685 Ἴ
155 2606 285 2675 abstulit
301 2605 448 2693 agricolis
465 2618 497 2672 et
514 2606 663 2672 fluctibus
681 2605 788 2670 obruit
805 2626 909 2691 agros.

154 2716 258 2781 poena
274 2714 378 2777 neque
395 2691 475 2757 haec
492 2692 568 2757 satis
585 2702 648 2757 est:
665 2691 751 2777 regis
768 2712 896 2775 quoque
913 2689 978 2755 filia
995 2701 1135 2756 monstro

154 2780 295 2865 poscitur
312 2798 479 2861 aequoreo.
522 2798 619 2861 quam
635 2777 717 2842 dura
733 2776 776 2841 ad
793 2799 871 2841 saxa
887 2775 1060 2841 revinctam

33 2880 34 2883 ’
155 2864 296 2929 vindicat
311 2863 458 2939 Alcides,
475 2862 692 2949 promissaque
710 2884 856 2937 munera,
875 2860 975 2925 dictos

155 2948 258 3097 poscit
275 2968 382 3031 equos.
427 2948 568 3031 tantique
585 2947 689 3033 operis
706 2946 853 3012 mercede
869 2957 998 3031 negata,

179 3034 206 3098 is
223 3032 350 3119 periura
366 3032 451 3119 capit
467 3043 635 3117 superatae
652 3031 778 3097 moenia
794 3031 920 3097 Troiae.

156 3139 216 3183 nec
233 3140 307 3204 pars
323 3118 466 3195 militiae,
484 3118 652 3195 Telamon,
671 3118 739 3183 sine
756 3117 875 3183 honore
892 3115 1030 3194 recessit,

157 3204 363 3287 Hesioneque
380 3204 455 3268 data
471 3202 599 3288 patitur.
642 3226 717 3267 nam
735 3203 870 3288 coniage
886 3202 1005 3267 Peleus

158 3290 262 3355 clarus
280 3299 348 3352 erat
364 3288 454 3352 divar
471 3309 575 3372 neque
592 3288 644 3353 avi
661 3288 764 3374 magis
781 3288 834 3354 ille
852 3287 994 3374 superbit

157 3372 299 3449 nomine,
318 3394 416 3456 quam
432 3374 546 3438 soceri:
565 3373 592 3439 si
610 3373 740 3457 quidem
756 3373 843 3438 Iovis
861 3395 930 3439 esse
946 3372 1053 3457 nepoti

159 3457 291 3544 contigit
307 3457 393 3522 haud
410 3458 481 3535 uni,
498 3458 636 3523 coniunx
653 3459 714 3523 dea
731 3458 864 3543 contigit
880 3458 945 3522 uni.
1198 3479 1248 3529 220

200 3543 349 3626 Namque
365 3564 464 3607 senex
480 3543 609 3608 Thetidi
624 3542 777 3621 Proteus,
796 3544 884 3609 ‘dea’
903 3543 1026 3627 dixerat
1043 3544 1172 3619 ‘undae

159 3628 300 3715 concipe.
342 3637 445 3692 mater
462 3628 523 3693 eris
539 3628 677 3705 iuvenis,
695 3628 751 3713 qui
768 3628 903 3693 fortibus
921 3628 999 3693 actis
1142 3626 1247 3694 [ruera

160 3724 231 3779 acta
247 3712 344 3799 patris
361 3712 467 3777 vincet
483 3712 645 3796 maiorque
662 3712 828 3779 vocabitur
843 3713 917 3778 illo?

160 3820 247 3885 ergo,
263 3821 305 3864 ne
322 3797 493 3881 quicquam
510 3799 647 3864 mundus
663 3800 743 3864 Iove
759 3798 862 3863 maius
880 3798 1021 3876 haberet,

159 3884 304 3968 quamvis
321 3882 408 3948 haud
426 3882 549 3967 tepidos
567 3883 627 3948 sub
644 3895 772 3970 pectore
790 3895 931 3949 senserat
947 3884 1048 3971 ignes,
1198 3902 1247 3953 22⁵

158 3968 304 4055 Iuppiter
319 3990 495 4054 aequoreae
512 3968 655 4035 Thetidis
673 3968 810 4035 conubia
825 3968 911 4055 fugit

157 4055 192 4123 in
210 4075 329 4144 suaque
347 4052 512 4122 Aeaciden
529 4054 698 4150 succedere
716 4066 792 4126 vota
807 4065 956 4145 nepotem
