2800 4500
239 268 301 337 176
572 280 606 336 Ρ.
625 280 750 339 OVIDII
766 275 929 338 NASONIS

233 406 456 497 piscosamque
475 400 606 469 Gnidon
624 404 830 491 gravidamve
847 399 1049 467 Amathunta
1066 398 1217 476 metallis3
1254 427 1255 430 ¹

236 490 374 557 abstinet
390 501 422 556 et
439 491 542 555 eaelo:
561 491 649 555 caelo
666 489 844 576 praefertur
860 487 995 553 Adonis.

236 576 322 642 hunc
337 585 438 653 tenet,
457 575 531 639 huic
548 597 654 641 comes
669 586 730 652 est,
749 582 938 657 assuetaque
957 595 1081 659 semper
1096 571 1131 637 in
1147 570 1262 637 umbra

235 661 400 748 indulgere
418 660 479 726 sibi
495 660 694 810 formaqqu'e
712 681 831 746 augere
849 659 991 736 colendo,

168 767 218 817 555
236 770 293 832 per
309 747 400 832 iuga,
417 768 475 832 per
492 746 587 810 silvas
628 766 802 829 umosaque
820 768 898 810 saxa
914 756 1060 829 vagatur,

235 832 298 898 fine
316 854 418 918 genus
436 843 557 896 vestem
575 830 637 896 ritu
656 831 817 896 succincta
834 830 974 895 Dianae:

235 917 442 1001 hortaturque
461 938 571 981 canes:
589 927 740 999 tutaeque
757 915 906 981 animalia
922 916 1059 1001 praedae

236 1014 293 1068 aut
308 1024 425 1089 pronos
442 1002 567 1087 lepores
586 1013 642 1066 aut
658 1002 778 1066 celsum
796 1002 830 1066 in
847 1022 966 1066 cornua
983 1022 1111 1066 cervum

237 1099 293 1153 aut
310 1088 410 1173 agitat
427 1088 586 1151 dammas:
605 1110 625 1152 a
641 1086 777 1152 fortibus
796 1086 933 1152 abstinet
949 1085 1044 1172 apris,

169 1196 219 1246 545
235 1183 440 1260 raptoresque
457 1172 550 1258 lupos
567 1182 768 1256 armatosque
785 1172 947 1257 unguibus
964 1193 1055 1237 ursos

237 1259 315 1325 vitat
332 1269 363 1325 et
380 1258 514 1323 armenti
532 1268 687 1323 saturatos
706 1258 802 1323 caede
819 1259 936 1323 leones.

235 1356 268 1410 te
285 1365 426 1428 quoque,
443 1353 481 1408 ut
497 1343 554 1408 hoa
573 1343 698 1421 timeas,
718 1343 838 1427 siquid
856 1344 1007 1430 prodesse
1026 1342 1182 1408 monendo

236 1429 348 1515 possit,
366 1428 488 1506 Adoni,
506 1440 615 1494 monet
632 1428 836 1513 “fortis’'que
854 1428 1049 1513 “fugacibus
1066 1429 1158 1494 esto'’

235 1514 353 1599 inquit:
372 1514 430 1579 “in
448 1514 584 1579 audaces
602 1536 666 1580 non
684 1526 733 1580 est
750 1514 883 1579 audacia
900 1524 978 1579 tuta.

169 1622 219 1673 545
236 1622 331 1687 parce
348 1622 430 1677 meo,
448 1600 586 1678 iuvenis,
604 1599 789 1665 temerarius
806 1621 875 1665 esse
892 1599 1025 1685 periclo:

236 1708 317 1752 neve
334 1684 432 1762 feras,
450 1684 566 1769 quibus
583 1707 672 1751 arma
689 1685 777 1750 dedit
793 1695 920 1761 natura,
938 1687 1068 1762 lacesse,

237 1782 297 1837 stet
314 1771 392 1836 mihi
408 1793 449 1836 ne
467 1792 585 1859 magno
602 1781 659 1836 tua
676 1771 787 1856 gloria.
831 1792 895 1835 non
912 1782 1020 1837 movet
1036 1782 1124 1838 aetas

236 1879 296 1923 nec
313 1856 410 1923 facies
427 1872 502 1934 nec,
520 1877 604 1940 quae
620 1856 780 1924 Venerem
799 1878 939 1933 movere,
957 1857 1064 1922 leones

238 1942 473 2029 saetigerosque
491 1964 563 2008 sues
582 1942 754 2026 oculosque
771 1942 956 2025 animosque
973 1942 1124 2008 ferarum.

171 2049 222 2100 550
239 2028 361 2093 fulmen
378 2027 498 2094 habent
514 2049 603 2094 aeres
619 2027 653 2092 in
670 2027 803 2094 aduncis
821 2027 968 2093 dentibus
985 2026 1068 2114 apri:

237 2114 375 2200 impetus
393 2124 441 2180 est
458 2112 554 2179 fulvia
572 2124 604 2179 et
620 2124 712 2179 vasta
728 2112 872 2179 leonibus
889 2113 950 2177 irat

236 2183 534 2284 invisumque'mihi
550 2221 652 2287 genus
670 2198 748 2266 est”
791 2220 873 2284 quae
892 2221 1002 2276 eausa,
1020 2199 1146 2286 roganti
1258 2204 1261 2209 “

150 2308 178 2333 ⁴
237 2285 392 2352 “dicam''
411 2286 470 2363 ait3
488 2291 545 2352 “et
562 2285 677 2351 veteris
694 2295 870 2350 monstrum
888 2285 1043 2351 mirabere
1061 2286 1184 2372 culpae.

237 2371 293 2438 aed
311 2372 401 2437 labor
416 2371 561 2437 insolitus
577 2370 643 2437 iam
659 2393 712 2436 me
728 2371 868 2436 lassavit.
912 2381 944 2436 et
961 2392 1035 2437 ecee

170 2477 220 2527 555
238 2468 415 2544 opportuna
431 2480 490 2522 aua
506 2456 667 2521 blanditur
684 2456 822 2542 populus
839 2456 963 2534 umbra,

239 2544 357 2627 datque
373 2553 479 2607 torum
496 2563 640 2628 caespes:
651 2541 736 2627 libet
752 2542 814 2608 hac
830 2541 1028 2626 requiescere
1045 2541 1191 2607 tecum:''

173 2673 191 2705 Α,
238 2640 271 2694 et
286 2624 442 2728 requieplt
458 2626 557 2692 humo
573 2626 750 2713 pressitque
767 2638 800 2693 et
816 2649 947 2713 gramen
965 2638 996 2694 et
1013 2628 1128 2714 ipsum,

238 2713 340 2798 inqua
352 2712 423 2778 sinu
440 2712 563 2778 iuvenis
580 2712 683 2799 posita
700 2713 822 2802 cervice
839 2709 983 2779 reclinis'

238 2800 285 2864 sic
302 2798 360 2875 ait,
378 2820 416 2864 ae
433 2798 545 2864 mediis
562 2797 721 2864 interserit
738 2799 847 2864 oscula
863 2800 978 2865 verbis.

170 2868 396 2956 aeod‘forsitan
413 2883 550 2950 audieris
568 2884 707 2969 aliquam
725 2873 895 2951 certamine
912 2906 1023 2950 cursus
1078 2884 1251 2965 (ardentm

238 2971 363 3036 veloces
381 2992 547 3056 superasse
566 2970 659 3036 viros.
702 2992 766 3035 non
785 2970 895 3035 fabula
911 2991 1019 3035 rumor
1067 2953 1261 3024 Hippomenes.)

239 3056 291 3122 ille
309 3053 573 3141 fuit,(superabat
589 3055 699 3138 enirn),
717 3078 777 3121 nee
795 3055 898 3121 dicere
915 3078 1034 3142 posses,

238 3140 333 3206 laude
351 3140 483 3242 pedum,
501 3140 662 3207 formaene
680 3141 764 3206 bono
781 3141 990 3227 praestantior
1007 3152 1098 3207 esset.

239 3227 364 3293 scitantr
382 3225 459 3292 deus
478 3226 552 3291 huic
569 3226 609 3293 de
627 3227 720 3292 ooniu
745 3248 763 3291 e
780 3226 987 3312 “‘eoniuge'''
1006 3226 1086 3292 dixit

171 3332 220 3381 555
238 3312 319 3377 “‘nil
336 3334 417 3397 opus
435 3311 680 3388 est‚'Atalanta,
698 3249 766 3376 tibi.
809 3311 886 3397 fuge
904 3311 1049 3397 coniugis
1066 3334 1169 3379 usum.

237 3420 297 3464 nec
313 3408 421 3463 tamen
439 3396 586 3481 effugies,
604 3397 788 3491 terprejpaa
804 3396 885 3478 viya‘
894 3397 1056 3463 carebis.'’'

238 3483 346 3548 territa
363 3492 446 3548 sorte
464 3482 515 3547 dei
532 3504 590 3567 per
606 3491 722 3568 opacas
739 3482 860 3548 innuba
876 3481 972 3548 silvas

238 3569 316 3634 vivit
333 3578 365 3633 et
381 3568 550 3633 instantem
567 3568 693 3633 turbam
711 3567 850 3632 violenta
865 3588 1034 3653 procorum

239 3654 423 3719 condicione
440 3653 546 3739 fugat,
565 3659 660 3718 “‘nec
677 3676 748 3718 sum
765 3653 924 3739 potienda,
950 3654 1045 3719 niai”'
1063 3654 1164 3739 inquit

170 3761 222 3810 555
239 3738 359 3804 “‘victa
375 3739 464 3825 prius
481 3760 585 3804 eursu.
629 3738 767 3824 pedibus
782 3739 961 3805 contendite
977 3762 1122 3825 mecum.-

237 3823 379 3910 praemia
396 3824 497 3889 veloci
515 3824 653 3889 coniunx
670 3824 863 3908 thalamique
881 3824 1055 3890 dabuntur:

225 3931 323 4009 mors
341 3908 477 3993 pretium
493 3909 601 3973 tardis.
644 3931 683 3974 55
699 3910 752 3975 lex
770 3910 948 3976 certaminis
966 3910 1076 3976 esto.”'

238 3993 292 4058 illa
310 3992 438 4077 quidem
455 3993 597 4060 immitia:
616 3994 673 4060 sed
690 3992 793 4077 (tanta
809 3996 951 4080 potentia
967 3996 1087 4062 formae
1106 3998 1169 4083 est)

239 4077 324 4144 venit
342 4077 383 4143 ad
401 4076 483 4143 hanc
500 4079 604 4165 legem
621 4081 900 4147 temerariaturba
915 4103 1094 4168 procorum.
