2800 4500
311 293 679 353 mrauoarnosuou
695 292 769 350 Lm.
789 295 838 353 va
856 296 1001 355 tar-544.
1093 283 1166 353 ‘101

143 419 396 507 quamprimum
413 418 529 503 (omnis
548 418 608 485 erit
623 419 716 485 nobis
734 442 823 485 mora
838 420 950 506 longa)
967 420 1117 486 remittas.

143 519 179 574 tu
197 529 324 592 quoque
341 506 593 591 quamprimum
610 503 702 581 (satis
720 516 769 570 est
784 507 894 590 procul
912 528 981 573 esse
998 510 1164 594 sororem),

143 594 171 659 si
188 594 289 680 pietas
307 593 373 656 ulla
390 601 453 669 est,
472 591 513 655 ad
530 614 596 669 me,
613 590 805 668 Philomela,
823 591 945 657 redito’

142 678 315 747 mandabat
332 677 513 763 pariterque
530 699 607 742 suae
624 676 723 741 dabat
739 677 848 741 oscula
865 687 969 756 natae,

143 778 176 831 et
192 764 341 830 lacrimae
358 763 451 829 mites
468 762 550 827 inter
566 762 716 826 mandata
734 762 899 827 cadebant.
1184 784 1235 837 505

143 862 242 935 utque
259 850 322 914 fide
338 848 455 934 pignus
473 848 600 913 dextras
617 847 782 931 utriusque
799 847 944 932 poposcit

142 938 225 1002 inter
242 957 337 1020 seque
355 934 445 999 datas
463 933 579 1010 iunxit,
596 944 768 1016 natamque
785 945 997 1019 nepotemque

143 1023 289 1088 absentes
306 1041 364 1106 pro
382 1042 417 1085 se
434 1018 567 1085 memori
583 1029 675 1105 rogat
692 1040 748 1084 ore
765 1019 914 1084 salutent:

144 1127 392 1193 supremumque
410 1104 510 1170 ‘vale’
527 1104 623 1189 pleno
641 1104 832 1189 singultibus
849 1126 903 1170 ore

143 1193 198 1256 vix
216 1190 295 1255 dixit
312 1189 479 1273 timuitque
496 1213 572 1254 suae
589 1189 758 1275 praesagia
774 1189 898 1255 mentis.

143 1291 179 1343 ut
197 1276 295 1342 semel
310 1275 458 1360 imposita
475 1286 523 1340 est
540 1275 644 1360 pictae
660 1274 839 1341 Philomela
856 1275 992 1355 carinae,

109 1412 111 1415 .
142 1362 371 1445 admotumque
386 1361 503 1427 fretum
520 1361 630 1438 remis,
647 1360 805 1445 tellusque
821 1362 949 1446 repulsa
967 1371 1025 1438 est,

143 1447 319 1514 ‘vicimusl’
338 1447 508 1523 exclamat,
527 1453 666 1512 ‘mecum
682 1469 755 1512 mea
772 1458 846 1512 vota
863 1446 1037 1514 ferunturl'

143 1535 327 1618 exultatque
344 1543 377 1598 et
393 1532 448 1596 vix
465 1531 571 1597 animo
589 1555 647 1597 sua
707 1531 783 1597 udia
800 1531 906 1597 differt

142 1620 297 1686 barbarus
314 1628 346 1683 et
362 1639 519 1702 nusquam
536 1617 645 1684 lumen
685 1629 828 1701 etorquet
846 1618 887 1682 ab
904 1618 968 1684 illa.

142 1729 207 1773 non
225 1704 325 1782 aliter,
342 1704 439 1787 quam
456 1725 530 1768 cum
546 1703 681 1789 pedibus
698 1704 868 1789 praedator
885 1704 1017 1771 obuncis

142 1790 289 1877 deposuit
305 1789 381 1854 nido
397 1790 538 1875 leporem
556 1789 643 1854 Iovis
660 1790 726 1855 ales
743 1789 780 1853 in'
794 1790 871 1854 alto:

141 1878 229 1943 nulla
246 1876 326 1978 fuga
342 1886 390 1940 est
407 1886 514 1960 capto,
532 1885 655 1975 spectat
671 1897 730 1940 aua
746 1875 887 1960 praemia
903 1885 1019 1960 raptor.

141 1964 269 2047 iamque
285 1975 346 2027 rter
363 1960 527 2038 effectum,
544 1981 672 2044 lamque
688 1961 722 2024 in
740 1960 906 2027 suaIlitora
923 1960 1015 2025 fessis

141 2048 303 2136 puppibus
320 2047 475 2121 exierant,
493 2068 566 2111 cum
583 2068 640 2111 rex
657 2044 824 2111 Pandione
840 2057 948 2110 natam

142 2137 176 2200 in
193 2132 318 2199 stabula
334 2132 399 2198 alta
415 2130 511 2196 trahit
529 2130 615 2196 silvis
632 2130 768 2196 obscura
784 2131 926 2208 vetustis,

144 2231 239 2305 atque
256 2218 301 2284 ibi
317 2218 486 2303 pallentem
503 2227 550 2283 tre
573 2215 722 2300 idemque
740 2226 771 2282 et
787 2226 901 2282 cuncta
917 2216 1080 2283 timentem

144 2318 175 2373 et
191 2306 256 2371 iam
273 2326 347 2377 cum
363 2303 514 2380 lacrimis,
532 2240 588 2368 ubi
605 2302 646 2377 sit
662 2325 828 2404 germana,
847 2313 1012 2387 rogantem

142 2390 290 2467 includit,
307 2389 474 2473 fassusque
491 2388 582 2455 nefas
599 2400 630 2455 et
647 2389 804 2475 ruginem
822 2400 854 2453 et
870 2411 969 2453 unam

142 2478 175 2544 vi
192 2486 334 2563 superat,
352 2475 469 2539 frustra
486 2475 620 2539 clamato
638 2496 735 2559 saepe
750 2484 892 2559 parente,

142 2585 238 2648 saepe
255 2582 361 2627 sorore
379 2583 450 2636 sua,
469 2560 593 2645 magnis
611 2559 830 2645 superomnia
846 2559 937 2624 divis.

141 2649 196 2714 illa
213 2646 332 2723 tremit,
349 2646 437 2711 velut
453 2668 537 2731 agna
553 2668 688 2730 pavens,
708 2667 790 2729 quae
808 2644 916 2710 saucia
933 2644 1004 2711 cani

142 2756 196 2799 ore
214 2754 347 2799 excussa
363 2731 430 2816 lupi
447 2731 588 2795 nondum
606 2730 667 2795 sibi
684 2741 752 2795 tuta
769 2731 908 2796 videtur:

141 2831 241 2902 utque
258 2816 406 2883 columba
423 2837 482 2880 suo
498 2815 684 2881 madefactis
701 2815 857 2901 sanguine
873 2815 990 2900 plumis

141 2904 247 2969 horret
265 2902 369 2968 adhuc
387 2901 560 2984 avidosque
577 2900 682 2977 timet,
705 2900 820 2983 quibus
837 2901 996 2979 haeserat,
1015 2923 1149 2987 ungues.
1182 2922 1232 2973 530

142 3011 217 3054 mox
234 2988 290 3052 ubi
306 3010 395 3078 mens
413 2986 521 3063 rediit,
538 3008 649 3071 passos
666 2985 786 3051 laniata
802 2987 943 3072 capillos,

141 3073 264 3159 lugenti
281 3072 404 3149 similis,
422 3073 522 3138 caesis
540 3072 692 3158 plangore
709 3070 845 3148 lacertis,

141 3159 308 3225 intendens
325 3159 446 3242 palmas
464 3164 499 3221 ‘o
517 3157 593 3222 diris
611 3156 745 3223 barbare
762 3154 869 3222 factisl

141 3268 161 3311 o
179 3243 343 3311 crudelisl'
362 3244 416 3320 ait,
434 3249 507 3307 ‘nec
525 3254 556 3308 te
574 3241 724 3307 mandata
740 3241 879 3327 parentis

141 3353 214 3396 cum
230 3328 368 3394 lacrimis
384 3349 512 3394 movere
529 3327 605 3413 piis,
622 3349 682 3393 nec
700 3350 776 3392 cura
793 3327 908 3392 sororis

140 3438 200 3481 nec
216 3438 288 3481 mea
305 3413 469 3499 virginitas
485 3434 545 3479 nec
562 3412 753 3498 coniugialia
769 3413 857 3478 iura?

140 3501 246 3568 omnia
262 3499 410 3565 turbasti:
427 3499 540 3584 paelex
557 3520 617 3585 ego
634 3498 720 3562 facta
738 3499 862 3575 sororis,

139 3598 174 3652 tu
192 3585 338 3673 geminus
356 3585 507 3662 coniunx,
523 3584 622 3648 hostis
639 3583 717 3647 mihi
735 3581 842 3645 debita
857 3578 997 3665 Progne.

138 3672 217 3757 quin
234 3671 373 3735 animam
389 3670 487 3747 hanc,
504 3692 545 3736 ne
561 3669 648 3752 quod
664 3668 789 3733 facinus
807 3668 880 3745 tibi,
898 3668 1033 3753 perfide,
1050 3680 1156 3747 restet,

139 3757 253 3843 eripis?
275 3768 370 3839 atque
386 3755 509 3821 utinam
526 3754 655 3820 fecisses
673 3767 747 3820 ante
764 3754 918 3819 nefandos
1178 3774 1229 3825 540

138 3840 340 3909 concubitusl
358 3863 476 3906 vacuas
493 3839 675 3906 habuissem
693 3838 832 3905 criminis
851 3839 990 3903 umbras.

138 3929 165 3994 si
183 3938 288 3993 tamen
306 3926 386 3992 haec
404 3925 510 4011 superi
528 3935 674 4001 cernunt,
692 3924 720 3990 si
737 3924 869 3992 numina
886 3924 994 3989 divum

136 4023 211 4079 sunt
227 4011 361 4096 aliquid,
380 4011 408 4076 si
424 4033 488 4076 non
506 4010 668 4096 perierunt
684 4010 790 4075 omnia
807 4033 942 4086 mecum,

135 4098 402 4187 quandocumque
419 4096 497 4162 mihi
513 4117 632 4183 poenas
649 4093 750 4162 dabis.
792 4095 876 4186 ipsa,
893 4096 1014 4187 pudore
