2800 4500
334 303 702 362 METAMORPHOSEON
719 304 793 371 LIB.
810 305 860 362 IV.
878 303 972 360 9-95.
1122 289 1177 356 57'

142 443 178 498 ut
193 452 280 496 nunc
296 429 389 515 nigra
405 429 487 494 ferat
504 439 651 494 contactu
669 428 833 514 sanguinis
852 428 954 493 arbor.

3 580 11 603 ,
142 517 203 585 hoc
219 517 333 604 placet.
377 514 470 591 hano,
488 514 638 599 quoniam
655 514 797 600 vulgaris
814 514 925 579 fabula
940 535 1005 579 non
1023 525 1080 591 est,

6 617 9 627 ’
127 602 259 685 ¹talibus
276 623 349 666 orsa
365 601 482 676 modis,
499 600 574 665 lana
590 622 649 664 sua
664 599 720 664 fila
736 610 897 683 sequente.
1182 620 1216 667 54

144 689 318 774 ‘Pyramus
334 698 368 775 et
384 686 518 774 Thisbe,
536 687 688 750 iuvenum
705 684 936 770 pulcherrimus
954 688 1043 764 alter,
1060 684 1198 764 (Pyramos
1210 690 1234 736 θ’

77 782 81 785 ’
144 775 257 850 altera,
275 794 355 856 quas
372 771 476 837 oriens
493 771 618 847 habuit,
659 771 779 836 raelata
796 771 920 856 puellis,
1017 768 1024 783 ’
1095 752 1204 819 ΜΘ)

145 860 310 942 contiguas
327 870 456 925 tenuere
474 857 601 933 domos,
618 793 674 920 uli
692 855 807 921 dicitur
824 857 920 921 altam

145 944 308 1010 coctilibus
323 936 423 1007 muris
441 941 577 1007 cinxisse
595 939 780 1008 Semiramis
797 942 919 1008 urbem.

144 1029 289 1096 notitiam
305 1028 487 1114 primosque
504 1028 623 1113 gradus
641 1027 757 1092 vicinia
774 1026 864 1093 fecit:

144 1126 286 1200 tempore
304 1112 402 1179 crevit
420 1134 517 1183 amor,
561 1112 673 1177 taedae
689 1132 818 1196 quoque
834 1112 903 1178 iure
920 1113 1071 1178 coissentr
1184 1131 1218 1182 so

145 1201 202 1266 sed
219 1210 347 1265 vetuere
364 1210 481 1284 patres.
496 1278 499 1283 ἢ
524 1198 611 1282 quod
628 1220 692 1262 non
710 1210 840 1283 potuere
858 1209 975 1274 vetare,
990 1204 1005 1221 “
1098 1254 1103 1265 .

145 1309 187 1352 ex
203 1305 306 1368 aequo
323 1284 424 1369 captis
442 1283 596 1349 ardebant
612 1284 772 1349 mentibus
790 1284 894 1349 ambo.

145 1370 290 1438 conscius
308 1369 409 1434 omnis
427 1369 530 1434 abest:
548 1381 629 1434 nutu
647 1368 809 1454 signisque
826 1369 1008 1453 loquuntur.

145 1477 273 1540 quoque
290 1453 393 1540 magis
410 1456 536 1540 tegitur,
555 1466 656 1520 tectus
673 1454 777 1540 magis
795 1465 918 1520 aestuat
933 1454 1027 1540 ignis.
1248 1488 1275 1542 )

145 1544 238 1608 fissus
256 1550 324 1606 erat
340 1540 429 1605 tenui
444 1540 539 1618 rima,
557 1561 655 1623 quam
672 1540 806 1605 duxerat
823 1540 899 1605 olim
1185 1561 1217 1612 65

146 1650 221 1693 cum
237 1626 341 1701 fieret,
357 1625 462 1710 paries
478 1626 588 1689 domui
605 1625 780 1693 communis
797 1626 933 1709 utrique.

145 1713 179 1785 id
196 1712 308 1776 vitium
325 1711 404 1774 nulli
420 1733 478 1795 per
495 1712 621 1776 saecula
637 1712 734 1811 longa
750 1721 894 1776 notatum
910 1747 955 1759 -

146 1797 224 1882 quid
241 1818 305 1861 non
322 1796 417 1861 sentit
434 1796 541 1860 amor?
557 1832 601 1842 —
617 1796 711 1882 prim1
728 1796 850 1863 vidistis
869 1808 1010 1864 amantes

146 1895 179 1949 et
196 1882 284 1948 vocis
301 1880 420 1947 fecistis
437 1881 506 1946 iter.
550 1892 700 1964 tutaeque
718 1903 775 1966 per
791 1882 870 1953 illud

145 1989 308 2034 murmure
325 1966 496 2031 blanditiae
513 1966 643 2031 minimo
662 1967 794 2032 transire
812 1968 965 2032 solebant.

108 1994 256 2139 >saepe
274 2051 331 2116 ubi
348 2052 552 2117 constiterant
568 2051 642 2116 hinc
658 2051 789 2128 Thisbe,
806 2051 965 2137 Pyramus
982 2052 1078 2131 illinc,

146 2138 245 2221 inque
261 2138 347 2202 vices
364 2137 469 2222 fuerat
487 2149 631 2221 captatus
649 2136 805 2202 anhelitus
823 2138 895 2213 oris,

147 2222 303 2289 “invide’'
321 2222 470 2289 dicebant
487 2222 629 2307 “paries,
646 2221 724 2307 quid
741 2223 921 2290 amantibus
938 2223 1065 2289 obstas?

148 2319 302 2393 quantum
319 2319 400 2385 erat,
417 2319 453 2372 ut
471 2307 590 2373 sineres
607 2319 749 2374 totonos
767 2330 897 2392 corpore
914 2309 1014 2393 iungi,

148 2407 204 2459 aut
221 2392 281 2459 hoc
292 2393 325 2457 si
341 2380 476 2458 himium
492 2402 550 2466 est,
568 2394 618 2457 vel
637 2393 805 2471 adoscula
822 2395 927 2460 danda
943 2392 1082 2481 pateres!

146 2502 206 2545 nec
224 2501 332 2544 sumus
350 2478 480 2563 ingrati:
498 2477 557 2542 tibi
574 2500 632 2542 nos
649 2478 765 2544 debere
782 2479 929 2555 fatemur,

146 2564 344 2649 qucd'datus
362 2575 411 2629 est
428 2562 532 2628 verbis
550 2564 592 2627 ad
608 2564 727 2628 arnicas
744 2564 893 2632 transitus
911 2563 1035 2631 aures.''

146 2651 222 2715 talia
239 2649 365 2715 diversa
381 2648 576 2731 nequiquam
593 2649 668 2714 sede
684 2649 782 2714 locuti

147 2736 207 2800 sub
224 2747 351 2799 noctem
368 2733 477 2799 dixere
495 2733 599 2809 ‘vale’
617 2734 764 2819 partique
782 2733 897 2800 dedere

147 2821 255 2885 oscula
271 2820 406 2902 quisque
423 2840 500 2882 suae
516 2839 582 2883 non
598 2819 814 2904 pervenientia
831 2831 952 2885 contra.

146 2918 273 2991 postera
288 2915 460 2969 nocturnos
478 2925 593 2968 aurora
608 2914 787 2969 removerat
803 2906 814 2967 i
859 2927 904 2982 es,

147 2991 257 3074 solque
274 2989 441 3074 pruinosas
456 2988 554 3053 radiis
571 2989 745 3055 siccaverat
761 2990 818 3055 her
841 3013 889 3054 as:

147 3076 189 3140 ad
206 3075 332 3139 solitum
350 3074 452 3140 coiere
469 3075 586 3140 locum.
621 3088 690 3139 tum
707 3098 869 3141 murmure
886 3097 985 3160 parvo

147 3160 248 3225 multa
263 3159 351 3245 prius
369 3160 486 3242 questi,
504 3170 660 3236 statuunt,
677 3171 714 3226 ut
730 3172 822 3225 nocte
840 3161 943 3225 silenti

146 3244 256 3311 fallere
273 3244 420 3310 custodes
438 3244 622 3329 foribusque
640 3246 792 3311 excedere
810 3232 1007 3331 temptent(

147 3352 283 3414 cumque
302 3330 397 3394 domo
415 3330 562 3408 exierint,
580 3329 667 3395 urbis
684 3351 814 3415 quoque
831 3341 914 3396 tecta
931 3333 1121 3417 relinquant,

145 3438 227 3481 neve
245 3415 286 3479 sit
304 3414 473 3479 errandum
490 3415 555 3479 lato
572 3415 782 3517 spatiantibus
800 3438 887 3493 arvo,

146 3500 337 3568 conveniant
354 3500 397 3564 ad
412 3499 507 3564 busta
523 3501 600 3565 Nim
617 3500 797 3585 lateantque
814 3502 875 3565 sub
892 3501 1006 3568 umbra

145 3586 277 3651 arboris.
322 3584 416 3650 arbor
432 3584 477 3648 ibi
494 3584 594 3650 niveis
611 3585 771 3651 uberrima
787 3588 890 3672 pomis

120 3671 246 3765 ,ardua
262 3691 371 3737 morus
388 3681 470 3746 erat,
487 3670 592 3755 gelido
615 3671 810 3737 contermina
826 3672 915 3737 fonti.

144 3768 239 3843 pacta
255 3756 395 3842 placent:
416 3767 448 3819 et
463 3755 535 3831 lux,
552 3756 641 3821 tarde
658 3756 820 3823 discedere
837 3757 915 3833 visa,

145 3841 372 3928 praecipitatur
388 3839 494 3923 aquis,
512 3851 544 3905 et
561 3841 652 3926 aquis
668 3863 735 3906 nox
752 3842 817 3908 exit
834 3843 875 3906 ab
892 3842 1003 3909 isdem.

145 3925 260 3991 callida
276 3948 334 4011 per
351 3924 497 3990 tenebras
514 3938 638 3991 versato
655 3926 782 3993 cardine
799 3927 919 3993 Thisbe

145 4011 306 4095 egreditur
322 4008 466 4094 fallitque
483 4031 572 4087 suos,
590 4012 805 4098 adopertaque
822 4013 945 4078 vultum
1141 4048 1142 4051 ¹

6 4103 11 4126 ’
145 4094 288 4183 pervenit
305 4094 348 4159 ad
365 4096 522 4164 tumulum
540 4096 686 4182 dictaque
703 4098 765 4164 sub
783 4097 895 4168 arbore
913 4098 1004 4168 sedit.
1180 4116 1212 4169 9⁵
