2800 4500
287 211 656 310 mumomnosaor
669 245 745 308 um.
764 246 828 310 xv.
847 246 976 308 ss-no.
1082 230 1145 303 aar

122 377 239 445 fetibus
256 377 396 445 arboreis
413 388 458 453 et,
476 399 555 462 quas
573 375 689 442 humus
707 375 835 453 educat,
852 374 959 442 herbis

122 465 283 530 fortunata
299 463 375 540 fuit,
391 486 453 529 nec
469 463 581 549 polluit
598 484 654 528 ora
671 483 793 527 cruore.

122 560 200 614 tunc
216 559 248 614 ct
264 571 340 615 aves
357 560 446 615 tutae
463 569 590 614 movere
607 570 665 633 per
681 551 756 611 adra
772 570 905 632 pennas,

122 644 155 700 et
171 635 262 719 lepus
277 633 458 720 impavidus
474 633 587 701 mediis
605 633 723 698 erravit
738 632 772 698 in
789 632 884 709 arvis,

121 741 181 784 nec
198 741 257 784 sua
275 719 443 785 credulitas
460 719 580 805 piscem
598 717 805 803 suspenderat
822 717 931 782 hamo:

122 815 237 870 cuncta
253 805 320 871 sine
337 804 458 869 insidiis
475 805 659 888 nullamque
676 802 819 868 timentia
835 802 981 866 fraudem

122 890 280 976 plenaque
296 890 384 976 pacis
402 901 502 955 erant.
545 902 715 976 postquam
732 909 798 953 non
813 888 899 953 utilis
917 896 1028 952 auctor

121 974 258 1040 victibus
276 975 402 1051 invidit,
421 974 564 1058 quisquis
582 974 643 1039 fuit
660 974 727 1050 ille,
748 974 868 1049 ferinis,

123 1081 353 1161 corporeasque
370 1059 468 1145 dapes
486 1059 613 1124 avidam
631 1059 780 1124 demersit
797 1060 832 1123 in
848 1061 967 1134 alvum,

122 1144 197 1211 fecrt
213 1145 274 1210 iter
291 1144 411 1212 sceleri.
455 1143 620 1228 primoque
638 1166 656 1208 e
674 1144 772 1209 caede
789 1143 928 1208 ferarum

58 1254 60 1259 ’
122 1229 290 1295 incaluisse
308 1240 401 1316 putes
417 1228 613 1293 maculatum
630 1229 786 1313 sanguine
802 1228 937 1294 ferrum:

121 1315 218 1399 idque
236 1314 311 1380 satis
328 1314 447 1389 fuerat,
464 1323 671 1397 nostrumque
687 1312 827 1398 petentia
843 1313 942 1379 letum

122 1420 255 1486 corpora
271 1399 368 1464 missa
383 1398 455 1464 neci
471 1399 561 1463 salva
577 1397 694 1483 pietate
711 1398 859 1463 fatemur.

122 1484 178 1550 sed
195 1507 294 1568 quam
310 1483 416 1549 danda
431 1483 517 1559 neci,
535 1494 602 1547 tam
617 1503 683 1547 non
701 1483 859 1568 epulanda
876 1483 1014 1551 fuerumt.

121 1569 247 1656 longius
263 1569 337 1634 inde
354 1568 446 1635 nefas
463 1567 555 1644 abiit,
573 1578 605 1633 et
621 1567 725 1653 prima
740 1580 871 1653 putatur

121 1654 225 1720 hostia
241 1677 296 1720 sus
313 1654 466 1719 meruisse
483 1652 580 1730 mori,
596 1653 673 1736 quia
691 1655 813 1719 semina
829 1655 935 1740 pando

91 1809 101 1828 ι
122 1750 247 1806 eruerat
263 1751 365 1805 rostro
382 1759 537 1825 spemque
553 1737 764 1824 interceperat
780 1740 855 1804 anni
860 1765 870 1818 ;

121 1825 185 1890 vite
203 1847 298 1910 caper
314 1845 421 1889 morsa
436 1822 558 1889 Bacchi
574 1834 731 1889 mactatus
749 1824 791 1888 ad
808 1847 879 1889 aras

122 1910 236 1976 dicitur
253 1909 378 1979 ultoris:
395 1908 504 1975 nocuit
520 1931 580 1973 sua
596 1907 691 1993 culpa
708 1908 844 1974 duobus.

121 1995 199 2078 quid
216 1994 388 2070 meruistis,
408 2015 498 2071 oves,
515 1993 677 2079 placidum
694 2015 794 2093 pecus
810 1994 907 2077 inque
924 1995 1059 2059 tuendos

121 2091 233 2145 natum
250 2078 408 2154 homines,
425 2079 519 2164 pleno
536 2098 619 2163 quae
636 2077 726 2143 fertis
743 2079 776 2142 in
793 2078 892 2144 ubere
908 2091 1027 2155 nectar,

122 2164 230 2228 mollia
246 2185 330 2246 quac
346 2163 439 2228 nobis
456 2174 577 2228 vestras
593 2163 753 2229 velamina
769 2163 858 2229 lanas

122 2248 280 2336 praebetis
297 2248 426 2333 vitaque
442 2248 546 2335 magis
562 2271 659 2334 quam
676 2261 778 2316 morte
795 2247 930 2315 iuvetis?

122 2334 200 2420 quid
217 2356 360 2400 meruere
378 2334 490 2412 boves,
508 2334 625 2399 animal
643 2334 711 2400 sine
729 2335 842 2401 fraude
859 2335 1014 2420 dolisque,

121 2419 310 2496 innocuum,
328 2420 476 2506 simplex,
494 2431 605 2484 natum
622 2421 756 2486 tolerare
773 2421 918 2486 labores?

121 2505 288 2571 immemor
311 2515 359 2570 est
389 2505 483 2588 aequi
512 2528 572 2571 nec
594 2504 726 2591 frugum
743 2528 874 2572 munere
892 2506 1019 2591 dignus,

122 2590 178 2673 qui
193 2590 296 2674 potuit
313 2591 402 2655 curvi
419 2590 548 2676 dempto
564 2589 660 2654 modo
677 2591 818 2676 pondere
835 2592 931 2656 aratri

122 2673 290 2739 ruricolam
307 2686 446 2741 mactare
464 2697 573 2752 suum,
591 2673 647 2759 qui
665 2676 740 2741 trita
755 2676 865 2741 labore

121 2759 189 2836 illa,
207 2760 323 2842 quibus
340 2759 455 2825 totiens
472 2760 587 2825 dmum
604 2772 813 2827 renovaverat
829 2784 951 2840 arvum,

122 2854 169 2909 tot
186 2844 317 2909 dederat
333 2866 467 2920 messes,
485 2845 641 2929 percussit
658 2845 741 2909 colla
757 2847 871 2911 securi.

121 2950 182 2994 nec
199 2929 275 2993 satis
293 2940 355 3005 est,
372 2928 459 3012 quod
476 2930 539 2993 tale
556 2928 646 2994 nefas
665 2930 884 2995 committitur:
901 2932 987 3017 ipsos

121 3013 309 3099 inscripsere
327 3014 403 3078 deos
420 3013 547 3090 sceleri,
564 3035 747 3098 numenque
765 3038 938 3101 supernum

122 3098 220 3163 caede
236 3097 397 3163 laboriferi
414 3098 547 3164 credunt
562 3098 703 3184 gaudere
720 3100 857 3166 iuvenci.

121 3183 250 3248 victima
267 3182 340 3248 labe
357 3204 468 3249 carens
486 3194 518 3250 et
534 3185 806 3269 praestantissima
822 3186 925 3250 forma

121 3266 211 3349 (nam
227 3268 385 3353 placuisse
402 3269 510 3348 nocet)
527 3268 614 3334 vittis
631 3269 766 3354 insignis
784 3281 817 3337 et
834 3292 911 3336 auro

121 3352 242 3417 sistitur
258 3364 331 3418 ante
348 3375 420 3417 aras
437 3354 588 3436 auditque
604 3354 718 3440 ignara
734 3368 917 3441 precantem

120 3437 305 3522 imponique
322 3460 400 3503 suae
418 3437 505 3503 videt
521 3438 603 3504 inter
621 3461 741 3505 cornua
757 3440 864 3518 fronti,

122 3544 202 3605 quas
219 3522 327 3600 coluit,
345 3522 469 3608 fruges,
486 3545 699 3609 percussaque
718 3525 872 3612 sanguine
890 3525 1007 3592 cultros

121 3606 220 3671 inficit
236 3606 269 3669 in
286 3607 407 3691 liquida
423 3608 585 3692 praevisos
602 3609 735 3674 forsitan
752 3610 848 3675 unda.

121 3691 265 3791 protinus
283 3703 407 3778 ereptas
425 3692 544 3757 viventi
560 3705 688 3779 pectore
705 3695 802 3761 fibras

120 3776 293 3861 inspiciunt
308 3788 495 3861 mentesque
512 3778 608 3843 deum
625 3791 806 3846 scrutantur
819 3815 862 3827 -
879 3792 911 3846 et
926 3781 989 3848 illis

121 3863 219 3948 (unde
236 3862 337 3928 fames
355 3860 475 3926 homini
492 3860 661 3926 vetitorum
679 3872 769 3926 tanta
785 3861 928 3926 ciborum
945 3861 1025 3944 esti)

121 3947 245 4013 audetis
262 3947 365 4025 vesci,
382 3966 484 4033 genus
501 3965 521 4008 ο
538 3944 689 4011 mortale?
715 3944 815 4029 quod,
832 3967 899 4023 oro,

122 4055 163 4101 ne
180 4031 289 4109 facite,
307 4043 338 4098 et
354 4029 482 4097 monitis
499 4029 621 4095 animos
639 4030 793 4097 advertite
810 4030 938 4096 nostris:

118 4187 135 4198 ..
174 4131 327 4184 cauam
902 4150 908 4166 ·
942 4130 975 4186 17
