2800 4500
234 241 298 309 206
477 262 481 271 ’
568 254 601 310 r.
620 213 745 313 ovmu
762 254 925 314 rasurus

232 390 266 446 et
280 378 403 444 Pholus
421 390 453 445 et
470 378 639 444 Melaneus
656 387 689 443 et
705 378 797 443 Abas
814 378 982 464 praedator
998 401 1162 465 aprorum:
1231 392 1233 396 “

232 464 350 549 quique
368 465 433 529 suis
449 464 567 529 frustra
584 464 704 529 bellum
721 464 927 540 dissuaserat,
945 488 1048 551 augur

232 549 384 615 Asbolus.
426 550 479 615 ille
497 549 592 613 etiam
608 549 763 614 metuenti
779 550 911 615 vulnera
927 549 1031 616 Nesso

234 642 298 701 “ne
315 635 351 699 fu
375 633 407 701 el
425 635 467 699 ad
483 634 685 700 Herculeos”
702 634 805 718 inquit
823 635 1023 700 “servaberis
1041 637 1162 701 arous.”

165 741 216 793 810
233 732 266 785 at
282 743 346 785 non
394 741 567 806 urynomus
585 719 790 806 Lycidasque
807 732 840 785 et
855 720 960 785 Areos
978 732 1009 786 et
1026 721 1172 788 Imbreus

233 806 375 892 effugere
392 828 517 871 necem:
535 826 616 889 quos
633 826 743 870 omnes
761 804 872 870 dextra
889 804 1043 890 Dryantis

231 890 366 976 perculit
382 891 542 956 adversos.
586 890 756 955 adversum
773 901 809 956 tu
825 911 967 975 quoque,
985 891 1132 974 quamvis

232 988 323 1062 terga
339 976 437 1062 fugae
454 975 601 1053 dederas,
619 977 751 1051 vulnus,
770 972 928 1054 Crenaee,
945 976 1058 1042 tulistit

155 1102 158 1113 ·
232 1084 306 1126 nam
323 1084 422 1147 grave
438 1061 609 1147 respiciens
626 1061 709 1126 inter
726 1061 791 1125 duo
808 1061 929 1126 lumina
945 1061 1076 1140 ferrum,

165 1167 214 1216 815
233 1169 297 1229 qua
313 1147 396 1211 naris
413 1147 510 1211 fronti
528 1145 743 1223 committitur,
762 1146 893 1232 accipis,
910 1148 1005 1214 imae.¹

231 1232 265 1296 in
282 1242 370 1297 tanto
387 1231 515 1297 fremitu
533 1231 654 1296 eunctis
672 1231 740 1298 sine
758 1232 822 1298 fine
837 1232 962 1298 iacebat

232 1317 352 1403 sopitus
371 1317 459 1382 venis
476 1328 508 1383 et
524 1317 760 1403 inexperrectus
777 1317 934 1402 Aphidas,

231 1402 395 1488 languenti
417 1425 458 1468 ue
475 1425 573 1468 manu
589 1401 751 1468 carehesia
767 1402 866 1467 mixta
883 1403 1022 1482 tenebat,

232 1487 323 1552 fusus
340 1487 373 1552 in
391 1424 535 1553 &seaeae
552 1486 671 1553 villosis
688 1487 824 1573 pellibus
841 1511 945 1554 ursae.

164 1594 215 1644 ero
233 1595 328 1656 quem
345 1573 457 1659 procul
472 1583 509 1638 ut
525 1571 604 1638 vidit
620 1572 739 1637 frustra
756 1573 844 1638 nulla
861 1596 949 1638 arma
965 1585 1156 1654 moventem,

231 1657 341 1724 inserit
357 1669 483 1723 amento
501 1658 617 1744 digitos
634 1657 822 1723 “miscenda
830 1658 912 1742 ”que
929 1659 1010 1725 dixit

232 1751 330 1807 “cum
348 1741 450 1830 Styge
467 1744 542 1809 vina
559 1743 674 1810 bibes”
691 1743 853 1821 Phorbas3
870 1766 931 1810 neo
947 1746 1040 1830 plura
1056 1757 1197 1813 moratus

230 1829 264 1893 in
281 1828 429 1895 iuvenem
446 1829 537 1895 torsit
552 1829 707 1906 iaculum,
717 1829 905 1914 ‘ferrataque
923 1831 1004 1895 collo

231 1914 389 1993 fraxinus,
407 1925 444 1981 ut
460 1937 537 1980 casu
553 1915 651 1980 iacuit
667 1914 849 2000 resupinus,
867 1914 980 1980 adacta
997 1926 1054 1981 est.

164 2021 213 2071 825
231 2023 315 2065 mors
333 2000 435 2066 caruit
452 2023 562 2078 sensu,
578 2001 738 2087 plenoque
755 2023 773 2066 e
789 2011 918 2086 gutture
934 2000 1027 2066 fluxit

230 2086 327 2169 inque
344 2097 429 2151 toros
446 2085 543 2170 inque
559 2087 630 2171 ipsa
646 2086 738 2172 niger
755 2086 915 2152 carchesia
933 2086 1073 2172 sanguis.

230 2171 296 2236 vidi
314 2193 375 2257 ego
390 2171 563 2237 Petraeum
580 2183 747 2237 conantem
764 2171 898 2237 evellere
916 2182 1000 2237 terra

230 2258 440 2343 glandiferam
458 2280 625 2341 quercum:
665 2281 740 2322 uam
758 2258 835 2323 dum
852 2258 1069 2342 complexibus
1087 2259 1186 2326 ambit

233 2355 264 2407 et
281 2343 383 2427 quatit
400 2343 463 2409 huc
479 2343 555 2408 illuc
572 2280 794 2427 labeiactaque
811 2344 927 2407 robora
943 2342 1050 2421 iactat,

164 2448 214 2499 aso
231 2429 341 2493 lancea
356 2427 492 2492 Pirithoi
509 2429 604 2493 costis
621 2428 763 2493 immissa
778 2428 907 2493 Petraei

230 2525 360 2660 pectora
377 2535 449 2577 oum
468 2514 547 2578 duro
565 2513 717 2578 luctantia
732 2514 846 2590 roboae
862 2514 942 2577 fixit.

248 2596 365 2662 ‘irithoi
383 2599 533 2665 cecidisse
551 2601 678 2684 Lycum
697 2600 814 2665 virtute
828 2599 983 2675 ferebant,

229 2682 364 2747 Pirithoi
381 2684 496 2748 virtute
515 2683 678 2752 Chromin.
734 2684 791 2748 sed
807 2694 940 2767 uterque
957 2684 1112 2750 minorem

230 2768 340 2832 victori
358 2768 485 2832 titulum
503 2789 600 2851 quam
616 2768 732 2854 Dictys
749 2769 934 2855 Helopsque
952 2770 1116 2836 dederunt.

162 2873 212 2923 3³5
230 2855 313 2918 fixus
330 2853 454 2938 Helops
471 2853 590 2932 iaculo,
607 2853 693 2938 quod
710 2854 819 2939 pervia
836 2868 980 2939 tempora
995 2855 1081 2932 fecit,

113 2944 116 2948 ’
230 2950 262 3003 et
278 2938 410 3002 missum
428 2962 448 3003 a
465 2939 577 3004 dextra
593 2940 718 3004 laevam
734 2940 912 3024 penetravit
928 2940 970 3004 ad
987 2963 1106 3006 aurem.

229 3022 344 3109 Dictys
362 3023 403 3089 ab
421 3024 551 3109 ancipiti
568 3024 716 3110 delapsus
734 3025 880 3090 acumine
897 3025 1023 3102 montis,

229 3109 305 3173 dum
322 3108 407 3210 fugit
422 3108 592 3176 instantem
609 3110 770 3195 trepidans
786 3110 899 3175 Ixione
915 3122 1035 3186 natum,

230 3194 345 3258 decidit
361 3217 395 3258 m
433 3216 564 3279 raeceps
581 3206 612 3260 et
628 3194 769 3280 pondere
786 3195 925 3280 corporis
942 3217 1057 3260 ornum

161 3300 211 3349 340
229 3278 390 3365 ingentem
406 3217 503 3366 liegit
520 3301 640 3363 suaque
657 3279 760 3344 induit
776 3280 830 3344 ilia
846 3280 975 3346 fractae.

229 3366 312 3429 ultor
329 3364 419 3430 adest
435 3364 606 3450 Aphareus
624 3383 801 3449 saxumque
819 3387 837 3430 e
854 3377 962 3431 monte
979 3367 1141 3432 revulsum
1241 3376 1243 3379 ’

228 3449 352 3515 mittere
370 3462 511 3515 conatur.
555 3450 733 3516 mittentem
751 3450 859 3535 stipite
875 3472 998 3533 querno

228 3547 363 3619 occupat
379 3535 522 3621 Aegides
540 3534 702 3619 cubitique
718 3535 861 3621 ingentia
877 3536 997 3622 frangit

227 3641 313 3696 ossa3
331 3642 391 3685 nec
407 3620 540 3685 ulterius
557 3621 634 3686 dare
651 3643 766 3706 corpus
784 3621 894 3687 inutile
911 3622 975 3687 leto

159 3725 209 3774 845
227 3716 283 3769 aut
300 3717 397 3771 vacat
410 3717 466 3770 aut
482 3717 572 3771 curat
577 3728 587 3782 3
605 3718 759 3791 tergoque
775 3706 923 3772 Bienoris
941 3706 997 3773 alti

226 3790 337 3867 insilit,
354 3790 441 3855 haud
458 3791 550 3856 solito
567 3812 761 3876 quemquam
778 3803 904 3876 portare
920 3792 981 3858 nisi
998 3793 1103 3877 ipsum
1108 3817 1118 3871 3

226 3875 437 3959 opposuitque
453 3898 540 3960 genu
557 3877 664 3954 costis,
683 3898 894 3962 prensamque
911 3877 1038 3943 sinistra

227 3959 397 4024 caesariem
414 3961 551 4025 retinens
570 3962 694 4028 vultum
711 3962 951 4045 minitantiaque
968 3984 1025 4028 ors

157 4089 160 4098 ι
226 4043 339 4114 robore
357 4045 476 4110 nodoso
495 4047 715 4134 praeduraque
733 4061 876 4137 tempora
892 4047 998 4136 fregit.

223 4159 306 4278 ,J
