2800 4500
238 268 267 340 4.
451 308 465 323 -“
486 308 488 312 ·
574 283 609 342 P.
628 284 753 344 OVIDII
769 283 932 345 NASONIS

240 417 273 475 et
290 405 380 475 densi
396 406 530 475 frutices
545 420 577 474 et
593 409 719 476 vinctae
735 410 853 477 cortice
870 409 990 498 virgae.

241 493 363 560 semina
378 504 446 560 tum
462 493 601 581 primum
617 495 722 582 longis
740 494 886 563 Cerealia
902 496 998 562 sulcis

193 626 195 631 ,
222 580 355 645 obruta
372 591 460 656 sunt,
476 580 640 667 pressique
656 581 734 668 iugc
750 604 901 668 gemuere
917 578 1053 648 iuvenci.

174 687 223 735 115
283 665 394 731 Tertia
409 678 482 752 post
498 665 569 731 illas
586 667 740 733 successit
756 673 856 734 5111155
870 668 986 754 proles,

241 751 365 817 saevior
379 750 515 837 ingeniis
532 762 565 818 et
582 751 624 816 ad
641 751 770 817 horrida
786 753 961 840 promptior
977 776 1075 830 arma,

240 859 304 901 non
321 836 473 902 scelerata
490 846 607 903 tamen.
623 872 669 886 —
685 838 725 904 de
744 839 824 904 duro
841 851 890 906 est
906 840 1018 904 ultima
1034 839 1128 904 ferro.

239 921 383 1009 protinus
400 922 513 1008 irrupit
530 944 630 989 venae
646 923 763 1010 peioris
779 925 813 989 in
830 945 944 990 aevum

220 1072 222 1077 .
240 1029 334 1073 omne
351 1007 451 1073 nefas.
495 1007 607 1095 fugere
623 1010 727 1095 pudor
743 1031 918 1094 vemmqus
933 1009 1091 1094 fidesques

173 1111 224 1161 130
239 1092 273 1158 111
290 1113 426 1176 quorum
443 1091 692 1165 subierelocum
709 1095 901 1181 fraudesque
918 1096 1046 1180 dolique

239 1177 437 1262 insidiaeque
453 1189 486 1244 et
502 1177 550 1243 vis
568 1190 600 1245 et
617 1201 707 1245 aanor
722 1181 894 1248 sceleratus
909 1176 1057 1247 habendi.

119 1310 121 1314 -
236 1267 308 1332 vela
325 1267 423 1331 dabat
439 1267 541 1332 ventis
559 1269 675 1351 (neque
692 1271 798 1334 adhuc
815 1270 896 1334 bene
914 1276 1045 1332 noverat
1062 1262 1146 1345 illos)

236 1354 360 1431 navita,
387 1373 532 1438 quaeque
549 1350 606 1417 diu
622 1361 773 1418 steterant
789 1349 823 1416 in
839 1351 999 1416 montibus
1016 1348 1098 1425 altis,

236 1439 386 1506 fluctibus
403 1436 520 1525 ignotis
537 1437 729 1504 insultavere
747 1437 880 1503 carinae.

171 1545 222 1595 155,
238 1545 501 1607 communemque
518 1523 620 1673 prius,
638 1544 698 1588 ceu
715 1522 836 1587 lumina
852 1521 927 1587 solis
945 1533 977 1587 51
993 1542 1098 1596 auras,

239 1621 351 1677 cautus
369 1610 502 1673 humum
531 1630 616 1694 ongo
632 1607 771 1695 signavit
786 1607 885 1673 limite
902 1627 1038 1672 mensor.

238 1718 298 1763 1155
315 1705 439 1760 tantum
457 1706 581 1780 segetes
598 1693 812 1777 alimentaque
830 1692 938 1759 debita
954 1692 1043 1757 dives

237 1781 429 1869 poscebatur
444 1778 575 1855 humus,
591 1779 649 1845 sed
664 1778 746 1845 itum
763 1791 811 1845 est
827 1779 861 1844 in
877 1778 1000 1844 viscera
1017 1788 1132 1855 terraer

238 1887 382 1952 quasque
398 1863 618 1931 recondiderat
635 1861 822 1950 Stygiisque
839 1864 1024 1929 admoverat
1039 1860 1171 1937 umbris,

173 1974 222 2023 140
240 1951 433 2018 effodiuntur
449 1973 541 2037 opes,
557 1948 755 2017 irritamenta
771 1952 936 2015 malcrum.

238 2039 301 2103 15111
325 2060 366 2103 ue
382 2058 500 2103 nocens
516 2036 637 2102 ferrum
654 2036 802 2121 ferroque
818 2035 984 2101 nocentius
1001 2056 1115 2098 aurum

241 2059 401 2210 prodierat
406 2147 415 2200 ;
433 2121 538 2207 prodit
554 2122 697 2200 Bellum,
715 2122 803 2207 quod
819 2133 942 2208 pugnat
958 2131 1103 2203 utroque,

242 2208 479 2296 sanguineaque
496 2230 594 2274 manu
611 2207 798 2295 crepitantia
815 2207 954 2274 concutit
970 2229 1068 2271 arma.

211 2325 213 2328 ·
239 2296 357 2362 vivitur
373 2318 413 2360 ex
430 2304 537 2379 rapt03
554 2315 618 2359 non
634 2293 751 2381 hospes
768 2293 810 2360 ab
827 2294 950 2380 hospite
968 2304 1065 2369 tutus,

173 2405 221 2453 145
239 2402 303 2448 11511
321 2387 447 2445 555515
463 2401 596 2479 gener03
613 2378 749 2444 fratrum
766 2400 892 2463 quoque
909 2378 1013 2479 gratia
1029 2399 1100 2442 rara
1118 2387 1175 2443 est

238 2466 382 2532 imminet
399 2465 495 2530 exitro
511 2464 560 2529 vir
576 2464 736 2550 coniugis,
753 2464 808 2529 illa
824 2465 942 2530 mariti:

239 2552 343 2618 lurida
359 2549 514 2616 terribiles
531 2549 665 2615 miscent
682 2549 808 2616 aconita
824 2571 993 2616 novercam

238 2637 322 2703 filius
340 2646 414 2701 ante
432 2635 516 2700 diem
533 2635 651 2721 patrios
668 2635 799 2719 inquirit
814 2635 848 2700 in
866 2656 976 2699 annos.

239 2722 324 2789 victa
340 2722 423 2787 iacet
440 2720 540 2807 pietas
545 2744 555 2798 3
573 2733 605 2786 et
622 2721 713 2806 virgo
731 2720 828 2787 caede
845 2722 1007 2786 madentes

173 2832 222 2881 155
239 2809 351 2874 ultima
368 2807 540 2872 caelestum
558 2817 657 2872 terras
674 2808 812 2872 Astraea
827 2806 963 2890 reliquit.

281 2892 373 2959 Neve
389 2892 472 2958 foret
489 2893 580 2958 terris
598 2892 738 2958 securior
754 2892 871 2957 arduus
888 2890 1007 2968 aether,
1134 2888 1261 2971 Ganna-

239 2979 406 3045 affectasse
423 2977 530 3044 ferunt
546 3000 681 3064 regnum
698 2978 833 3043 caeleste
851 2975 1009 3063 Gigantas
1141 2958 1250 3011 ΜΨ

239 3065 367 3148 altaque
384 3074 551 3149 congestos
569 3062 721 3129 struxisse
739 3062 780 3128 ad
797 3063 901 3129 sidera
917 3072 1050 3127 montes.

240 3161 309 3215 tum
325 3159 417 3234 pater
433 3148 632 3234 omnipotens
649 3149 746 3213 misso
763 3147 913 3234 perfregit
931 3145 1109 3232 Olympum

77 3242 79 3247 ’
173 3257 221 3305 155
239 3234 371 3300 fulmine
388 3246 421 3300 et
437 3234 576 3300 excussit
592 3234 755 3302 subiectae
772 3235 885 3300 Pelion
904 3232 1017 3298 Ossae.

240 3321 354 3385 obruta
370 3320 453 3385 mole
471 3342 530 3384 sua
547 3341 619 3384 cum
638 3341 770 3405 corpora
787 3319 856 3383 dira
871 3319 1020 3394 iacerent,

239 3404 400 3507 perfusam
418 3405 517 3469 multo
534 3415 682 3469 natorum
700 3404 854 3490 sanguine
871 3403 1003 3469 Terram

239 3489 444 3555 1mmaduisse
460 3490 568 3556 ferunt
584 3489 786 3573 calidumque
804 3488 960 3555 animasse
978 3509 1132 3565 cruorem,

209 3603 214 3640 .·
240 3588 287 3653 51,
304 3576 543 3641 15511151155
560 3574 665 3661 stirpis
682 3575 876 3640 monimenta
892 3584 1065 3651 manerent,

173 3681 223 3731 115
239 3661 273 3726 in
289 3660 405 3727 faciem
421 3660 552 3727 vertisse
570 3660 744 3726 hominum.
788 3660 844 3726 sed
861 3671 893 3725 et
910 3659 965 3724 illa
980 3680 1124 3745 propago

240 3746 450 3832 contemptrix
467 3768 617 3832 superum
635 3767 812 3830 saevaeque
830 3744 1012 3810 avidissima
1029 3745 1135 3810 caedis

239 3842 272 3898 et
288 3831 428 3896 violenta
444 3831 518 3896 fuit:
537 3832 633 3897 scires
651 3853 669 3897 e
686 3831 841 3931 sanguine
858 3841 958 3896 natos.

282 3914 376 3998 Quae
393 3928 484 4002 pater
499 3928 535 3981 ut
552 3939 676 3981 summa
693 3917 773 3981 vidrt
791 3915 959 3982 Saturnius
977 3937 1059 3993 arce,
1117 3915 1261 3971 001111ᾰό15

237 4001 372 4089 ingemit
389 4014 434 4080 et,
451 4001 536 4068 facto
553 4001 694 4068 nondum
712 4002 843 4088 vulgata
859 4000 977 4068 recenti
1129 3983 1242 4039 dmm·

172 4108 221 4159 165
239 4087 334 4154 foeda
350 4086 534 4176 Lycaoniae
551 4087 690 4154 referens
709 4089 857 4158 convivia.
870 4108 1009 4167 mensae,
