2800 4500
303 272 670 335 Murauourflosuou
686 271 760 331 LIB.
778 271 843 330 XV.
860 269 1005 328 toa-580.
1096 253 1165 323 ’267

147 402 313 479 invidiam,
331 403 445 468 densas
463 398 577 466 obiecit
595 395 736 482 Cynthia
752 395 868 471 nubem

147 501 245 573 utque
262 488 363 553 forem
379 498 467 552 tutus
483 504 672 572 possemque
688 481 818 566 impune
834 479 946 558 videri,

147 574 269 639 addidit
285 583 421 657 aetatem
437 593 497 636 nec
513 566 735 654 cognoscenda
750 565 876 714 reliquit

148 681 204 724 ora
219 658 296 722 mihi
301 683 310 735 3
330 656 509 741 Cretenque
526 656 581 719 diu
599 651 756 718 dubitavit
772 650 814 714 ha
837 650 951 716 endam
1184 670 1235 720 545

147 743 285 808 traderet
302 767 342 807 an
358 742 475 809 Delon.
520 736 618 804 Creta
634 736 781 820 Deloque
798 735 913 802 relictis

147 828 200 893 hio
215 828 336 914 posuit,
353 847 532 909 nomenque
549 825 657 901 simul,
675 822 761 907 quod
779 821 878 906 possit
895 841 1050 903 equorum

148 913 363 987 admonuisse,
379 912 468 977 iubet
485 911 657 996 deponere,
674 907 844 991 “qui'’que
860 905 974 970 “suisti

148 996 373 1084 Hippolytus,'’
392 996 472 1062 dixit
489 1002 599 1061 “nunc
615 994 701 1060 idem
719 992 849 1059 Virbius
867 990 966 1056 esto.''

148 1084 209 1147 hoo
226 1105 338 1148 nemus
354 1082 429 1147 inde
446 1082 525 1158 colo,
543 1081 584 1146 de
601 1081 714 1163 disque
730 1076 904 1142 minoribus
921 1097 1004 1141 unus
1186 1096 1236 1145 545

147 1168 276 1233 numine
294 1167 355 1232 sub
372 1166 517 1232 dominae
534 1166 617 1231 lateo
635 1176 731 1248 atque
749 1183 917 1228 accenseor
933 1161 998 1226 illi.’

190 1253 223 1317 N
223 1274 265 1317 on
281 1263 389 1317 tamen
405 1250 543 1338 Egeriae
558 1251 664 1329 luctus
682 1248 785 1314 aliena
801 1249 908 1314 levare

149 1339 266 1403 damna
283 1338 402 1402 valente
419 1336 599 1420 montisque
615 1335 722 1401 iacens
740 1333 899 1399 radicibus
915 1332 986 1397 imis

147 1422 278 1506 liquitur
294 1422 327 1485 in
344 1421 504 1497 lacrimas,
522 1422 623 1486 donec
639 1420 758 1506 pietate
776 1418 910 1483 dolentis
971 1420 975 1428 ’

147 1520 234 1572 mota
251 1527 340 1571 soror
356 1506 480 1571 Phoebi
497 1507 638 1592 gelidum
655 1505 695 1570 de
713 1524 844 1589 corpore
861 1504 983 1568 fontem
1187 1523 1238 1573 550

147 1593 224 1659 fecit
241 1603 273 1656 et
290 1603 433 1657 aeternas
451 1603 538 1656 artus
554 1591 698 1657 tenuavit
714 1590 748 1653 in
764 1588 877 1654 undas.

190 1677 234 1742 Et
254 1677 411 1762 nymphas
427 1676 532 1763 tetigit
548 1699 632 1742 nova
648 1698 715 1751 res,
733 1688 766 1740 et
782 1676 948 1741 Amazone
964 1681 1059 1739 natus

147 1762 234 1829 haud
251 1763 342 1827 aliter
358 1763 494 1849 stupuit,
511 1784 607 1845 quam
625 1783 698 1825 cum
715 1759 900 1844 Tyrrhenus
919 1769 1023 1824 arator
1145 1777 1237 1843 Paper.

147 1847 276 1915 fatalem
293 1847 441 1933 glaebam
457 1846 570 1912 mediis
587 1845 710 1930 aspexit
727 1845 760 1908 in
778 1844 861 1909 arvis

148 1943 261 2017 sponte
279 1953 337 1996 sua
353 1931 490 2016 primum
507 1932 658 2014 nulloque
676 1928 817 2014 agitante
835 1927 965 2005 moveri,
1188 1950 1238 1999 555

148 2038 273 2082 sumere
291 2036 367 2079 mox
384 2015 519 2079 hominis
537 2027 702 2098 terraeque
720 2013 863 2077 amittere
880 2013 1025 2089 formam,

148 2121 266 2182 oraque
284 2099 424 2164 venturis
441 2099 562 2185 aperire
580 2098 719 2164 recentia
735 2096 810 2161 fatis

148 2185 333 2271 (indigenae
350 2184 459 2250 dixere
475 2183 602 2269 Tagen,
620 2183 676 2267 qui
716 2182 814 2247 rimm
832 2181 1002 2246 Etruscam

148 2270 276 2335 edocuit
291 2281 421 2355 gentem
437 2290 529 2333 casus
547 2269 668 2355 aperire
685 2205 839 2352 daurom:
1158 2269 1160 2272 ’
1189 2291 1239 2339 559

148 2366 225 2419 utve
241 2354 395 2419 Palatinis
412 2354 594 2420 haerentem
612 2354 745 2421 collibus
763 2353 838 2426 olim
1134 2352 1242 2407 Romuli

148 2461 223 2505 cum
240 2439 345 2505 subito
361 2439 441 2504 vidit
457 2439 658 2505 frondescere
674 2441 832 2508 Romulus
849 2439 982 2515 hastam,
1146 2422 1229 2476 Μ·

148 2546 231 2609 quae
248 2525 356 2591 radice
370 2546 467 2602 nova,
484 2547 548 2590 non
565 2525 649 2590 ferro
662 2525 772 2596 stabat
789 2524 912 2600 adacto,

149 2610 261 2675 etiam
279 2631 342 2674 non
359 2612 472 2688 telum,
490 2610 547 2675 sed
564 2609 641 2675 lenti
658 2611 784 2676 viminis
802 2610 896 2674 arbor

148 2716 213 2760 non
232 2707 412 2781 expectatae
430 2695 527 2760 dabat
543 2694 772 2760 admirantibus
791 2695 932 2759 umbras:
1188 2715 1239 2764 564

149 2790 205 2844 aut
221 2803 280 2845 sua
295 2780 446 2845 fluminea
462 2803 535 2845 cum
552 2780 631 2844 vidit
648 2778 751 2866 Cipus
767 2780 802 2844 in
818 2780 906 2843 unda
1152 2795 1239 2862 crpus.

150 2885 277 2929 cornua.
320 2864 400 2929 vidit
416 2865 515 2941 enim,
533 2866 711 2949 falsamque
728 2865 761 2928 in
778 2864 917 2949 imagine
934 2865 1066 2929 credens

150 2972 219 3014 esse
235 2949 347 3026 fidem,
365 2949 472 3049 digitis
490 2950 531 3014 ad
548 2949 685 3015 frontem
702 2971 797 3035 saepe
813 2950 930 3024 relatis,

149 3056 232 3116 quae
249 3033 342 3110 vidit,
360 3034 472 3119 tetigit.
515 3056 575 3100 neo
591 3035 655 3099 iam
673 3057 732 3100 sua
748 3034 868 3099 lumina
885 3035 1039 3099 damnans

149 3118 276 3192 restitit,
294 3129 330 3183 ut
347 3117 447 3185 victor
464 3119 583 3185 domito
600 3120 762 3185 remeabat
778 3119 820 3185 ab
836 3119 937 3195 hoste,

149 3204 191 3267 ad
208 3203 395 3287 caelumque
412 3204 520 3269 oculos
537 3217 569 3271 et
587 3204 699 3270 eodem
716 3203 865 3269 bracchia
881 3205 994 3270 tollens

149 3287 338 3372 ‘quidquid'
356 3288 400 3352 ait
418 3289 554 3374 ‘superi,
571 3301 713 3355 monstro
730 3290 926 3376 portenditur
942 3291 1013 3367 isto,

150 3395 206 3437 seu
223 3373 343 3437 laetum
359 3384 422 3448 ost,
439 3375 559 3473 patriae
576 3376 695 3440 laetum
712 3375 894 3461 populoque
912 3374 1049 3455 Quirini,

150 3457 216 3521 sive
234 3457 359 3533 minax,
376 3458 454 3522 mihr
471 3459 531 3523 sit.'
575 3459 732 3544 viridique
750 3484 767 3525 e
785 3460 924 3545 caespite
941 3459 1042 3525 factas

149 3541 254 3627 placat
271 3541 409 3607 odoratis
427 3543 577 3609 herbosas
594 3545 723 3630 ignibus
740 3567 811 3609 aras

150 3626 286 3709 vinaque
304 3626 359 3690 dat
375 3628 492 3712 pateris
509 3640 781 3714 mactatarumque
797 3629 973 3706 bidentum,

149 3709 228 3793 quid
246 3710 306 3775 sibi
323 3711 516 3798 significent,
534 3725 581 3781 tre
604 3714 724 3780 idantia
740 3715 876 3780 consulit
893 3727 975 3780 exta.

150 3814 234 3876 quae
251 3795 345 3896 simul
367 3798 490 3883 aspexit
506 3737 691 3884 Tyrrhenae
708 3800 811 3885 gentis
829 3799 999 3885 haruspex,

149 3901 267 3965 magna
283 3879 413 3964 quidem
429 3905 535 3948 rerum
553 3885 716 3950 molimina
733 3885 812 3950 vidit
828 3884 861 3949 in
878 3885 950 3960 illis,

142 3986 214 4029 non
231 3964 400 4032 manifesta
416 3978 532 4033 tamen.
576 3991 650 4035 cum
666 3992 742 4036 vero
761 3970 887 4035 sustulit
904 3992 976 4037 acre

149 4072 169 4116 a
184 4050 315 4137 pecudis
331 4050 420 4119 fibris
437 4054 479 4119 ad
497 4050 571 4141 Cipi
589 4076 708 4121 cornua
723 4056 842 4135 lumen,
