2800 4500
161 295 530 361 sturnuonnnosuou
542 300 615 358 ms.
628 297 852 359 mnan-'saa
870 302 951 358 xm.
965 302 1058 359 1-ao.
1078 286 1143 354 -213

120 448 180 528 par
197 425 258 491 sibi
271 425 402 492 ‘Pelides
420 448 480 492 nec
496 422 604 491 inania
620 426 756 492 Tartara
773 425 877 491 sentit.

120 534 189 596 rpse
207 511 316 587 etiam,
334 522 386 588 ut,
403 511 493 577 cuius
509 511 618 588 fuerit,
636 532 828 598 cognoscere
844 511 956 596 possis,
1164 529 1214 579 515

120 597 205 662 bella
221 609 328 660 movet
345 596 481 683 clipeus,
498 598 601 680 deque
618 596 714 661 armis
731 619 819 661 arma
836 597 991 661 feruntur.

121 703 185 746 non
202 703 241 746 ea
257 672 413 766 Tydides,
431 703 495 746 non
513 682 609 747 audet
626 679 738 747 Oileos
756 682 852 758 Aiax,

119 788 184 832 non
202 766 305 831 minor
321 766 467 844 Atrides,
485 789 548 832 non
566 767 650 832 bello
667 767 768 832 maior
786 778 818 832 et
835 787 914 832 aevo

142 872 264 927 escere,
281 872 345 916 non
364 851 430 917 alii:
449 852 507 917 soli
524 852 698 917 Telamone
716 863 822 917 creato

152 942 303 1021 certeque
320 936 381 1002 fuit
398 948 505 1002 tantae
522 937 639 1002 fiducia
654 937 768 1002 laudis.

87 1043 88 1046 ’
120 1046 140 1087 a
155 1044 191 1087 se
208 1021 394 1087 Tantalides
412 1043 492 1087 onus
509 1022 725 1105 invidiamque
741 1023 876 1088 removit

119 1107 354 1193 Argolicosque
371 1106 468 1173 duces
486 1107 598 1173 mediis
616 1108 779 1173 considere
796 1107 906 1174 castris

118 1191 211 1258 iussit
228 1202 260 1259 et
277 1191 443 1258 arbitrium
459 1191 523 1258 litis
540 1192 663 1258 traiecit
677 1193 713 1257 in
729 1215 850 1259 omnes.

385 1460 502 1516 LIBER
518 1461 685 1521 TERTIUS
702 1460 881 1521 DECIMUS.

119 1615 301 1685 Consedere
319 1616 416 1684 duces
433 1631 466 1684 et
482 1619 571 1705 vulgi
588 1629 692 1686 stante
709 1640 826 1685 corona
1072 1619 1211 1673 Armorum

118 1704 220 1790 surgit
238 1704 280 1768 ad
297 1704 355 1769 hos
373 1704 466 1804 clipei
483 1705 629 1771 dominus
647 1705 859 1792 septemplicis
877 1707 973 1771 Aiax.

116 1801 217 1873 utque
231 1799 302 1854 erat
317 1789 485 1875 imponens
502 1790 583 1867 irae,
601 1788 712 1940 Siple‘r'a
728 1802 819 1857 torvo

1081 1687 1209 1741 iudicium.

116 1875 210 1942 litora
226 1874 365 1960 respexit
382 1875 579 1958 classemque
596 1875 629 1939 in
659 1876 738 1941 ‘tore
756 1877 847 1941 vultu

82 2019 83 2022 ,
116 1959 347 2042 intendensque
363 1982 477 2024 manus
494 1960 649 2045 ‘agimus,
666 1981 725 2046 pro
741 1960 913 2046 Iuppiterl'
930 1960 1033 2044 inquit
1159 1982 1175 2030 5

33 2063 37 2070 ’
118 2051 207 2109 ‘ante
222 2054 307 2109 rates
324 2065 468 2121 causam,
486 2055 519 2109 et
534 2065 661 2109 mecum
678 2045 839 2111 confertur
855 2044 984 2111 Ulixesl

117 2141 151 2194 at
166 2150 232 2193 non
249 2128 590 2194 Hectoreis-dubitavit
607 2129 721 2195 cedere
737 2130 882 2206 flammis,

116 2235 197 2299 quas
215 2235 276 2300 ego
294 2213 448 2290 sustinui,
460 2218 540 2298 quas
557 2214 619 2281 hac
635 2238 655 2280 a
672 2216 774 2283 classe
789 2215 911 2303 fugavi.

116 2299 216 2370 tutius
234 2309 282 2365 est
298 2299 396 2385 igitur
412 2300 494 2365 fictis
512 2301 701 2367 contendere
718 2302 834 2379 verbis,

116 2406 213 2469 quam
230 2406 375 2470 pugnare
392 2408 498 2451 manu.
541 2387 600 2452 sed
615 2409 675 2452 nec
691 2387 769 2451 mihi
787 2388 892 2453 dicere
931 2399 1100 2474 romptum‚
1160 2411 1192 2461 1o

74 2523 77 2528 Α
115 2492 177 2536 nec
193 2470 299 2536 facere
316 2482 365 2536 est
380 2471 447 2536 istit
464 2482 683 2556 quantumque
701 2495 762 2559 ego
775 2473 885 2539 Marte'
912 2475 996 2539 eroci

115 2555 213 2640 inque
231 2556 299 2621 acie
315 2557 422 2634 valeo,
441 2567 564 2622 tantum
581 2558 667 2624 valet
683 2559 744 2623 iste
760 2558 930 2643 loquendo.

115 2664 175 2708 nec
192 2641 397 2707 memoranda
414 2653 520 2708 tamen
537 2643 628 2708 vobis
644 2666 718 2709 mea
734 2644 833 2722 facta,
849 2643 993 2730 Pelasgi,

115 2749 185 2794 esse
202 2749 287 2804 reor3
305 2725 428 2792 vidistis
445 2727 544 2792 enim:
563 2750 621 2793 sua
637 2739 743 2795 narret
760 2727 886 2807 Ulixes,

53 2878 54 2881 ,
114 2834 198 2897 quae
215 2813 283 2877 sine
300 2823 380 2878 teste
397 2813 493 2898 gerit,
511 2834 645 2898 quorum
663 2835 728 2878 nox
745 2815 872 2879 conscia
888 2814 957 2880 sola
974 2825 1031 2881 est.
1048 2852 1093 2864 -
1158 2838 1189 2886 15

115 2896 257 2982 praemia
273 2919 391 2983 magna
407 2896 473 2984 peti
489 2897 604 2976 fateor3
623 2898 679 2964 sed
697 2899 796 2965 demit
811 2900 963 2965 honorem
1134 2917 1137 2922 “

115 2982 273 3046 aemulus:
291 2981 385 3048 Aiaci
402 3005 467 3047 non
484 2995 533 3048 est
549 2983 687 3050 tenuisse
705 2985 888 3070 superbum,

115 3068 156 3131 sit
171 3066 246 3131 licet
263 3065 324 3132 hoc
339 3067 467 3153 ingens,
485 3068 636 3152 quiequid
654 3071 793 3156 speravit
808 3069 933 3136 Ulixes.

11 3212 29 3228 Ἣ
114 3151 174 3217 iste
192 3151 264 3216 tulit
280 3152 418 3236 pretium
434 3153 499 3218 iam
515 3176 602 3219 nunc
617 3155 797 3221 tentaminis
814 3154 925 3222 huius:

114 3257 270 3321 quocum
286 3236 389 3302 victus
407 3238 480 3314 erit,
498 3260 623 3304 mecum
641 3251 777 3307 certasse
794 3241 923 3307 feretur.
940 3278 986 3291 -·-
1043 3272 1046 3276 ’
1155 3263 1190 3315 20

114 3334 210 3404 atque
228 3342 304 3408 ego,
321 3322 349 3387 si
366 3322 465 3388 uirtus
481 3323 516 3387 in
531 3346 584 3388 me
601 3324 783 3391 dubitabilis
801 3339 895 3405 esset,

113 3406 277 3491 nobilitate
294 3418 406 3493 potens
424 3431 541 3486 essem,
558 3409 733 3478 Telamone
751 3424 885 3488 oreatus,

113 3491 240 3556 moenia
255 3492 311 3577 qui
328 3492 402 3557 forti
419 3492 558 3559 Troiana
575 3495 635 3559 sub
653 3497 793 3562 Hercule
810 3497 895 3582 cepit

112 3576 268 3661 litoraque
285 3577 414 3643 intravit
430 3577 598 3665 Pagasaea
616 3577 738 3646 Colcha
754 3581 870 3646 carina

113 3662 243 3728 Aeacus
260 3662 335 3728 huic
352 3675 443 3749 pater
454 3675 522 3742 est,
539 3664 594 3750 qui
611 3666 681 3731 iura
698 3667 862 3732 silentibus
879 3668 944 3733 illic
1154 3690 1187 3739 25

112 3747 229 3824 reddit,
247 3749 303 3813 ubi
321 3749 478 3815 Aeoliden
496 3772 608 3815 saxum
625 3774 724 3837 grave
743 3750 903 3838 Sisyphon
921 3766 1023 3839 urget.

111 3834 244 3899 Aeacon
262 3834 404 3920 agnoscit
422 3856 565 3900 summus
603 3838 766 3921 rolemque
783 3838 902 3903 fatetur

110 3918 255 4004 Iuppiter
272 3940 341 3984 esse
359 3942 460 3985 suam.
504 3921 549 3986 sic
566 3859 608 3986 ah
624 3922 703 3987 Iove
720 3923 831 3988 tertius
850 3922 945 3989 Aiax.

111 4025 172 4069 nec
188 4014 294 4068 tamen
311 4003 391 4071 haee
408 4005 505 4071 series
522 4006 555 4070 in
573 4028 701 4073 causam
719 4008 833 4094 prosit,
851 4009 979 4089 Achivi,

111 4089 138 4156 si
154 4088 232 4155 mihi
249 4111 323 4158 cum
340 4112 457 4181 magno
474 4113 539 4158 non
557 4105 605 4162 est
621 4093 797 4162 communis
815 4095 952 4164 Achille.
1151 4114 1185 4169 50
