2800 4500
228 256 291 329 218
560 267 594 328 Ρ.
613 262 918 329 ovruuunsoms

227 409 300 487 post
317 395 401 465 acies
417 397 535 484 primas
553 394 641 461 urbis
659 416 693 461 se
710 393 877 459 moenibus
895 389 1002 457 hostes

229 485 411 552 continuere
429 483 498 560 diu,
517 503 577 548 nec
594 479 695 568 aperti
713 479 805 565 copia
821 477 937 544 Martis

229 571 295 636 ulla
311 570 386 635 fuit:
404 569 528 634 decimo
546 568 675 632 demum
691 563 905 651 pugnavimus
923 583 1017 627 anno.

161 677 212 726 210
229 657 306 741 quid
324 655 402 720 facis
419 655 554 730 interea,
572 653 627 736 qui
644 652 689 717 nil
708 651 769 715 nisi
786 650 906 736 proelia
922 647 1025 713 nosti?

228 743 298 827 quis
317 752 391 806 tuus
407 762 485 805 usus
502 739 599 805 erat?
613 761 688 802 nam
706 737 733 801 si
750 759 822 801 mea
839 736 923 799 facta
939 731 1083 818 requiris,
1104 792 1105 795 ,

227 827 372 893 hostibus
389 825 530 903 insidior,
548 824 650 888 fossas
668 822 843 887 munimine
860 821 965 906 cingo,

229 913 375 979 consolor
391 910 510 987 socios,
526 920 563 974 ut
579 908 668 1058 lonpi
684 907 791 972 taedia
806 906 882 972 belli

229 1010 335 1064 mente
352 998 457 1064 ferant
473 994 598 1082 placida
603 1019 612 1071 3
653 1015 745 1070 oceo,
763 1014 827 1078 quo
844 992 943 1056 simus
961 988 1066 1055 alendi

161 1104 211 1153 215
229 1083 436 1166 armandique
453 1081 561 1158 modo;
578 1079 695 1157 mittor,
713 1100 777 1163 quo
794 1078 934 1164 postulat
950 1098 1038 1140 usus.
1054 1108 1099 1121 -

230 1193 303 1237 ecce
320 1170 407 1234 Iovis
424 1167 546 1232 monitu
563 1166 716 1250 deceptus
732 1163 871 1250 imagine
889 1161 991 1227 somni

230 1280 287 1322 rex
303 1255 392 1320 iubet
409 1253 526 1340 incepti
544 1274 653 1317 curam
670 1250 828 1314 dimittere
845 1248 930 1313 belli.

229 1342 283 1407 ille
300 1350 404 1427 potest
421 1350 548 1403 auctore
567 1360 656 1401 suam
675 1334 846 1401 defendere
863 1355 984 1399 vocem.

230 1449 294 1492 non
311 1426 394 1491 sinat
410 1425 472 1489 hoc
489 1424 590 1499 Aiax,
608 1421 805 1504 delendaque
821 1419 983 1505 Pergama
998 1430 1119 1503 poscat,

165 1520 214 1568 220
231 1510 380 1594 quodque
397 1518 510 1592 potest,
527 1506 662 1591 pugnetl
685 1507 749 1584 det,
767 1505 854 1587 quod
871 1528 955 1591 vaga
973 1506 1067 1571 turba
1083 1504 1248 1591 aequaturi

227 1618 284 1659 cur
301 1615 365 1659 non
382 1614 470 1657 arma
487 1591 589 1676 capit?
610 1612 667 1655 cur
683 1612 748 1656 non
765 1602 942 1656 remoratur
959 1593 1078 1657 ituros?

228 1697 292 1740 nou
311 1685 379 1741 erat
396 1675 457 1739 hoo
474 1674 607 1739 nimium
624 1696 789 1757 uunquam
805 1674 867 1738 nisi
883 1697 1002 1759 magna
1018 1675 1170 1758 loquenti.

230 1761 308 1846 quid
326 1760 411 1844 quod
429 1760 545 1846 etipse
562 1759 664 1845 fugit?
690 1759 771 1837 vidi,
788 1760 965 1845 puduitque
981 1760 1102 1839 videre,

230 1870 302 1912 cum
320 1857 356 1911 tu
373 1857 464 1930 terga
481 1847 573 1911 dares
589 1845 820 1930 inhonestaque
837 1846 909 1910 vela
926 1868 1064 1930 parares.

162 1951 211 2000 225
229 1954 288 1998 nec
305 1953 409 2009 mora,
428 1931 529 2014 “quid
546 1931 669 1997 facitis?
686 1953 770 2015 quae
787 1952 844 1995 vos
862 1931 1045 1996 dementia''
1063 1931 1129 1996 dixi

230 2017 409 2095 “concitat,
426 2039 446 2081 0
464 2016 555 2094 socii,
574 2028 700 2103 captam
718 2016 875 2082 dimittere
892 2016 1042 2081 Troiam?

230 2104 347 2187 quidve
365 2103 496 2167 domum
513 2103 601 2169 fertis
620 2102 758 2179 decimo,
775 2102 837 2167 nisi
854 2102 1003 2180 dedecus,
1021 2102 1148 2168 annoT'

229 2189 346 2256 talibus
364 2200 460 2275 atque
478 2189 562 2267 aliis,
579 2188 613 2254 in
631 2210 715 2274 quae
732 2188 822 2254 dolor
838 2188 907 2275 ipse
925 2188 1077 2254 disertum

229 2275 362 2353 fecerat,
381 2296 508 2340 aversos
526 2274 663 2362 profuga
680 2275 720 2340 de
738 2276 839 2341 classe
855 2274 978 2340 reduxi.

162 2380 213 2429 230
231 2372 385 2427 convocat
401 2361 532 2425 Atrides
549 2361 650 2425 socios
667 2372 786 2425 terrore
803 2371 965 2446 paventes·

230 2470 289 2512 nec
306 2444 550 2512 Telamoniades
568 2447 664 2511 etiam
680 2467 767 2511 nunc
782 2446 905 2511 hiscere
922 2445 1093 2529 quicquam

230 2532 336 2597 audet.
380 2542 414 2597 at
430 2554 527 2596 ausus
545 2542 613 2596 erat
629 2553 722 2617 reges
738 2531 894 2596 incessere
912 2532 1004 2595 dictis

230 2617 406 2696 Thersites,
424 2617 520 2683 etiam
537 2639 594 2703 per
611 2639 663 2682 me
679 2617 767 2681 haud
783 2616 923 2718 impune,
940 2616 1106 2702 protervis.

231 2704 336 2804 erigor
353 2713 385 2768 et
401 2702 540 2788 trepidos
558 2702 643 2767 cives
661 2701 811 2768 exhortor
826 2727 861 2767 ιιι
877 2702 1001 2768 hostem

162 2806 212 2858 235
230 2809 442 2873 am1ssamque
458 2809 531 2854 mea
547 2788 697 2853 virtutem
714 2810 794 2854 voce
810 2810 939 2874 repono.

231 2886 373 2960 tempore
390 2874 432 2938 ab
449 2873 525 2951 hoc,
542 2874 766 2957 quodcumque
783 2884 889 2959 potest
904 2873 1018 2939 fecisse
1036 2873 1136 2938 videri

230 2961 353 3026 fortiter
369 2960 443 3035 iste,
460 2983 568 3025 meum
586 2970 648 3025 est:
668 2960 724 3043 qui
742 2960 870 3024 dantem
887 2970 977 3043 terga
993 2959 1121 3023 retraxi.
1138 2995 1182 3008 -

231 3046 368 3131 denique
386 3045 426 3110 de
443 3045 566 3109 Danais
584 3045 655 3129 quis
673 3057 705 3111 te
722 3046 872 3110 laudatve
888 3044 1026 3131 petitvel

231 3144 264 3197 at
282 3154 340 3196 sua
356 3130 499 3217 Tydides
515 3152 641 3196 mecum
660 3131 872 3196 communicat
889 3142 970 3204 acta,

163 3236 213 3286 240
230 3240 282 3282 me
299 3217 414 3302 probat
430 3227 463 3282 et
479 3216 566 3281 socio
584 3239 709 3301 semper
726 3216 856 3280 confidit
873 3214 982 3281 Ulixe.

230 3314 278 3368 cst
296 3301 430 3386 aliquid,
448 3302 488 3366 de
506 3312 553 3365 tot
571 3300 743 3367 Graiorum
759 3302 888 3366 milibus
904 3324 1004 3366 unum

231 3412 250 3453 a
267 3388 425 3453 Diomede
442 3387 516 3473 legi.
560 3409 620 3453 uec
635 3409 687 3452 me
706 3407 773 3451 sors
790 3386 836 3452 ire
854 3386 999 3451 iubebat:

231 3474 277 3538 sic
294 3484 401 3538 tamen
419 3484 450 3537 et
467 3483 573 3559 spreto
590 3472 755 3555 noctisque
771 3472 933 3555 hostisque
950 3472 1068 3558 periclo

231 3582 345 3624 ausum
362 3558 488 3636 eadem,
507 3580 590 3641 quae
606 3580 678 3634 nos,
695 3557 840 3643 Phrygia
857 3559 897 3623 de
914 3569 1009 3643 gente
1027 3558 1156 3623 Dolona

163 3662 212 3711 245
230 3644 390 3709 interimo:
408 3665 473 3708 non
490 3656 564 3708 ante
581 3654 702 3720 tamen,
721 3664 818 3725 quam
836 3657 951 3707 cuncta
968 3643 1059 3729 codgi

230 3730 379 3815 prodere,
398 3741 430 3794 et
447 3728 576 3805 edidici,
593 3729 671 3811 quid
687 3727 810 3814 perfida
827 3727 924 3793 Troia
941 3740 1076 3813 pararet

231 3814 337 3879 omnia
354 3835 540 3899 cognoram,
557 3836 630 3890 nec,
648 3813 735 3898 quod
753 3814 942 3898 specularer,
959 3813 1131 3893 habebam

233 3909 265 3962 et
281 3899 345 3962 iam
363 3899 518 3983 promissa
534 3911 676 3985 poteram
695 3920 767 3963 cum
785 3898 880 3964 laude
896 3900 1021 3964 reverti.

233 3982 319 4046 haud
337 3992 501 4047 contentus
519 4006 557 4049 ec
573 3985 650 4071 petii
666 3983 801 4050 tentoria
818 3984 916 4050 Rhesi
1048 4002 1050 4004 ’

164 4066 327 4151 escisque
345 4065 411 4130 suis
428 4067 532 4152 ipsum
550 4070 660 4135 castris
678 4068 872 4156 comitesque
890 4069 1025 4157 peremi:
1085 4073 1094 4100 ⁸
