2800 4500
274 230 317 296 34
605 244 638 299 P.
657 244 782 302 OVIDII
798 243 960 301 NASONIS

273 369 366 453 plura
381 366 483 451 loqui,
501 367 650 452 vocisque
667 390 758 433 meae
774 367 988 455 praecluditur
1005 389 1092 434 usus.

273 475 338 518 non
355 452 481 518 fueraut
498 464 581 518 artes
598 454 691 528 tanti,
710 474 792 536 quae
808 452 945 517 numinis
963 451 1042 515 iram

207 558 257 608 666
274 548 458 604 contraxere
474 538 566 615 mihi3
583 539 712 604 mallem
729 538 866 603 nescisse
883 538 1000 602 futura.

273 623 337 688 iam
354 623 432 688 mihi
449 623 584 688 subduci
600 623 698 689 facies
716 623 855 688 humana
872 623 1007 699 videtur,

273 709 338 774 iam
355 708 444 773 cibus
461 708 560 773 herba
576 709 694 794 placet,
712 707 776 772 iam
792 708 864 773 latis
881 730 1005 774 currere
1022 707 1142 793 campis

273 795 410 879 impetus
428 805 485 859 666
527 794 562 858 in
579 815 693 878 equam
711 805 909 894 cognataque
927 814 1058 880 corpora
1075 805 1189 859 vertor.

273 890 340 945 tota
356 891 463 944 tamen
480 879 598 963 quare?
614 891 705 964 pater
722 891 770 944 est
786 878 864 943 mrhi
881 900 995 964 nempe
1012 878 1155 944 biformis
1170 879 1223 928 ·-’

207 984 256 1033 666
274 965 350 1029 talia
368 963 484 1029 dicenti
500 987 575 1050 pars
592 975 641 1030 est
658 976 799 1030 extrema
816 965 962 1047 querelae

273 1050 433 1115 intellecta
449 1072 577 1135 parum,
595 1050 791 1133 confusaque
808 1048 906 1114 verba
924 1049 1066 1114 fuerunt:

273 1136 347 1200 molr
364 1158 424 1201 nec
440 1134 538 1199 verba
554 1134 683 1220 quidem
699 1156 759 1200 nec
777 1155 877 1219 equae
894 1156 989 1199 sonus
1006 1135 1059 1200 ille
1076 1135 1210 1214 videtur,

273 1222 330 1286 sed
347 1220 522 1285 simulantis
540 1241 670 1303 equam:
711 1241 850 1304 ervoque
866 1219 900 1283 in
917 1231 979 1284 tem
1004 1242 1058 1285 ore
1075 1232 1177 1286 certos

273 1306 372 1371 edidit
387 1305 527 1370 hinnitus
545 1316 577 1370 66
593 1243 743 1370 bracchia
757 1304 858 1371 movit
874 1304 907 1369 in
924 1243 1049 1370 herbas.

206 1413 255 1462 666
274 1405 341 1455 tum
360 1390 450 1476 digiti
467 1396 582 1455 cedunt
599 1401 631 1455 et
649 1390 762 1473 quinos
779 1389 887 1475 alligat
904 1412 1028 1475 ungues

273 1487 425 1561 perpetuo
443 1496 541 1540 cornu
558 1475 637 1541 levis
655 1476 791 1561 ungula3
809 1474 921 1540 crescit
938 1488 970 1540 et
987 1475 1049 1541 oris

273 1572 305 1625 et
321 1561 393 1625 colli
409 1560 560 1645 spatium3
577 1560 692 1646 longae
709 1583 783 1645 pars
799 1560 939 1625 maxima
955 1561 1057 1646 pallae

272 1646 374 1710 cauda
390 1645 436 1709 fit.
479 1656 577 1729 utque
594 1645 669 1731 vagi
686 1645 788 1711 crines
805 1668 862 1731 per
879 1647 960 1710 colla
975 1646 1130 1722 iacebant,

272 1730 305 1795 in
323 1731 436 1796 densas
454 1730 560 1796 abiere
577 1730 669 1795 iubas
673 1755 683 1808 ;
700 1730 881 1816 pariterque
897 1743 1014 1796 novata
1031 1742 1079 1796 est

205 1836 253 1885 675
273 1827 304 1881 66
321 1838 384 1880 vox
401 1827 433 1881 66
450 1814 562 1881 facies:
581 1838 696 1881 nomen
736 1837 841 1900 uoque
859 1828 999 1881 monstra
1016 1817 1140 1882 dedere.

313 1900 428 1965 Flebat
445 1922 601 1986 opemque
614 1913 704 1966 tuam
714 1838 833 1966 bostra
845 1901 1026 1986 Philyreius
1039 1901 1142 1978 heros,
1187 1919 1288 1973 Battus.

271 1985 444 2072 Delphice,
463 1986 624 2072 poscebat.
666 2009 742 2051 nam
758 2009 818 2053 nec
835 1987 1012 2052 rescindere
1029 1987 1137 2072 magni

271 2070 358 2136 iussa
375 2072 460 2136 Iovis
477 2083 618 2157 poteras,
635 2094 709 2149 nec,
727 2071 754 2136 si
770 2072 949 2138 rescindere
966 2094 1085 2158 posses,

271 2167 346 2222 tunc
363 2157 485 2222 aderas.
527 2157 613 2221 Elim
630 2156 855 2242 Messeniaque
872 2180 949 2222 arva
966 2156 1101 2222 colebas.

204 2263 254 2313 666
271 2242 350 2307 illud
367 2256 434 2308 erat
451 2255 591 2329 tempus,
610 2265 673 2326 quo
690 2255 722 2309 66
739 2243 878 2329 pastoria
894 2241 984 2330 pellis

271 2329 363 2403 texit,
381 2349 525 2411 onusque
541 2328 910 2394 suitbaculumsilvestrc
928 2328 1080 2403 sinistrae,

272 2413 398 2477 alterius
417 2413 523 2498 dispar
540 2413 678 2498 septenis
695 2414 801 2478 fistula
818 2414 936 2479 cannis.

272 2497 411 2580 dumque
429 2519 517 2561 amor
534 2515 580 2562 est
598 2520 707 2575 curae,
725 2499 802 2563 dum
823 2508 854 2561 te
877 2512 933 2563 tua
949 2498 1054 2562 fistula
1070 2498 1197 2575 mulcet,

271 2581 478 2646 incustoditae
495 2581 605 2666 Pylios
622 2595 836 2648 memorantur
852 2584 885 2647 in
902 2604 996 2667 agros

204 2688 253 2738 665
271 2667 460 2751 processisse
477 2666 584 2732 boves.
627 2668 715 2733 videt
732 2668 788 2732 has
807 2667 970 2733 Atlantide
987 2666 1078 2730 Maia

271 2763 365 2815 natus
382 2762 415 2816 et
431 2763 497 2816 arte
515 2775 573 2816 sua
590 2752 677 2818 silvis
695 2754 832 2819 occultat
848 2753 986 2818 abactas.

271 2847 411 2902 senserat
427 2836 487 2902 hoc
505 2837 624 2902 furtum
641 2860 750 2915 nemo,
767 2839 828 2904 nisi
845 2849 938 2903 notus
956 2838 989 2901 in
1006 2836 1059 2900 illo

271 2943 344 2985 rure
361 2945 471 2999 seuex;
489 2923 621 2988 Battum
638 2923 739 2988 vicina
756 2948 813 3010 per
830 2947 906 2987 arva
923 2923 1089 2987 vocabant.

272 3005 377 3071 divitis
394 3007 446 3072 hic
463 3008 562 3072 saltus
579 3008 777 3091 herbosaque
794 3030 913 3094 pascua
929 3006 1022 3072 Nelei

204 3111 254 3161 696
271 3091 485 3175 nobiliumque
502 3116 616 3179 greges
634 3105 740 3159 custos
758 3092 905 3158 servabat
922 3114 1084 3176 equarum.

270 3175 356 3241 hunc
372 3177 475 3242 timuit
492 3177 671 3262 blandaque
688 3201 786 3243 manu
804 3178 929 3244 seduxit
946 3189 978 3244 66
994 3177 1040 3241 illi

270 3262 426 3345 ‘quisquis
444 3286 492 3340 es,
510 3263 644 3363 hospes,'
662 3264 716 3341 ait,
734 3264 775 3329 ‘si
792 3263 874 3329 forte
891 3275 1034 3328 armenta
1050 3261 1187 3345 requiret

270 3347 350 3413 haec
367 3348 495 3431 aliquis,
514 3349 629 3413 vidrsse
646 3371 739 3434 nega.
782 3372 846 3414 neu
862 3349 965 3434 gratia
982 3347 1067 3412 facto

270 3433 357 3497 nulla
373 3434 573 3519 rependatur,
590 3434 722 3498 nitidam
739 3456 818 3520 cape
835 3434 976 3518 praemia
993 3430 1143 3508 vaccam,'

203 3539 252 3588 696
270 3531 302 3583 66
320 3518 415 3583 dedit.
459 3532 589 3605 accepta
606 3541 700 3584 voces
718 3520 775 3584 has
793 3520 929 3584 reddidit
946 3519 1075 3604 hospes:

269 3611 371 3669 ‘tutus
390 3627 452 3670 eas.
495 3605 575 3691 lapis
593 3604 651 3671 iste
669 3605 756 3690 prius
774 3615 829 3668 tua
845 3603 931 3668 furta
947 3599 1113 3687 loquetur-‚⁹

270 3701 301 3756 66
317 3690 456 3776 lapidem
474 3690 618 3755 ostendit.
663 3689 789 3754 simulat
806 3689 883 3753 Iove
901 3699 994 3754 natus
1013 3687 1110 3762 abire,

268 3798 343 3841 mox
361 3776 442 3841 redit
459 3787 491 3840 et
507 3798 600 3841 versa
616 3775 734 3860 pariter
752 3796 825 3839 cum
844 3796 921 3839 voce
938 3775 1042 3858 figura

198 3939 201 3948 A
269 3862 413 3936 ‘rustica
432 3861 537 3925 vidisti
555 3861 583 3925 si
600 3882 679 3945 quas
697 3859 759 3924 hoc
775 3859 887 3925 limite’
907 3859 983 3923 dixit

200 3972 249 4021 666
267 3949 328 4014 ‘ire
345 3948 459 4025 boves,
477 3945 526 4011 fer
542 3968 634 4032 opem
652 3945 801 4029 furtoque
819 3944 942 4010 silentia
960 3944 1061 4008 derne.

266 4036 374 4101 iuncta
391 4056 449 4099 suo
468 4031 603 4119 pretium
622 4030 748 4097 dabitur
765 4030 823 4096 tibi
840 4029 958 4097 femina
976 4027 1087 4095 tauro.’
