2800 4500
312 289 838 349 rmrnuourflossouam.1x.
857 288 1000 347 rar-ru.
1100 273 1165 345 Ι151

146 417 244 502 inque
260 438 373 503 pyram
390 414 530 493 structis,
548 436 656 480 arcum
673 413 917 501 pharetramque
935 435 1085 500 capacem

147 524 308 588 regnaque
326 502 448 567 visuras
465 500 581 567 iterum
597 500 738 564 Troiana
754 499 885 584 sagittas

147 588 230 653 ferre
247 587 338 653 iubes
353 587 497 654 Poeante
514 596 633 663 satum3
652 606 716 669 quo
733 584 862 648 flamma
879 584 1021 650 ministro

147 672 283 738 subdita.
327 672 467 757 dumque
484 670 585 738 avidis
603 691 673 736 corn
696 670 840 735 tenditur
855 669 984 756 ignibus
1001 692 1110 757 agger,

147 758 327 844 congeriem
345 757 443 824 silvae
459 757 621 823 Nemeaeo
637 778 658 820 v
700 778 753 822 ere
771 777 928 820 summam

147 843 259 910 sternis
277 855 308 909 et
325 843 369 907 im
412 843 473 908 sita
490 843 598 908 clavae
615 840 739 907 cervice
755 840 924 919 recumbis,

146 929 233 994 haud
250 929 311 994 alio
329 951 372 994 ru
384 939 435 1004 tu,
453 949 550 1012 quam
567 927 595 992 si
612 926 747 992 conviva
762 926 881 993 iaceres

146 1014 229 1079 inter
244 1014 340 1099 plena
355 1013 436 1079 meri
451 1012 616 1079 redimitus
633 1013 748 1099 pocula
764 1012 866 1076 sertis.
897 1033 901 1039 ·

188 1100 322 1183 Iamque
338 1098 447 1164 valens
466 1098 548 1164 etin
565 1119 658 1163 omne
675 1098 759 1162 latus
777 1096 894 1162 diffusa
911 1096 1044 1162 sonabat

147 1205 339 1268 securosque
355 1195 443 1249 artus
460 1193 771 1268 contemptoremque
787 1182 917 1268 petebat

147 1270 275 1335 flamma
292 1291 396 1335 suum.
439 1268 572 1334 timuere
589 1267 642 1334 dei
680 1288 716 1332 ro
733 1267 858 1335 vindice
876 1278 987 1334 terrae.

147 1377 227 1441 quos
244 1355 289 1420 ita
305 1352 418 1438 (sensit
435 1354 533 1440 enim)
550 1354 634 1419 laeto
652 1292 821 1420 daturnius
838 1374 893 1419 ore
1102 1416 1104 1419 ,

146 1440 292 1527 Iuppiter
308 1438 491 1524 alloquitur:
510 1446 632 1504 ‘nostra
649 1450 698 1505 est
714 1439 809 1505 timor
824 1438 884 1503 iste
902 1439 1058 1525 voluptas,

147 1549 166 1591 o
184 1549 222 1591 su
246 1525 305 1603 eri,
323 1535 452 1608 totoque
468 1523 571 1592 libans
587 1523 666 1591 mihi
682 1536 810 1611 pectore
827 1534 945 1609 grator,

147 1633 210 1696 quo
249 1609 398 1676 memoris
406 1610 525 1710 populi
542 1610 630 1675 dicor
646 1622 813 1694 rectorque
829 1620 992 1710 paterque,

148 1709 180 1763 et
196 1719 268 1763 mea
284 1717 451 1782 progemes
469 1706 574 1761 vestro
592 1715 720 1779 quoque
738 1706 807 1760 tuta
823 1698 932 1760 lavore
949 1707 1008 1760 est.

146 1806 222 1848 nam
239 1802 432 1866 quamquam
448 1780 549 1867 ipsius
567 1780 661 1845 datur
677 1780 739 1845 hoc
756 1780 947 1845 immanibus
964 1781 1053 1857 actis,

148 1867 272 1953 obligor
288 1865 357 1953 ipse
374 1877 491 1932 tamen
534 1865 591 1932 sed
609 1864 693 1931 enim
710 1863 784 1949 (nec
801 1876 932 1952 pectora
948 1887 1030 1932 vano

149 1953 212 2017 fida
227 1961 315 2018 metu
331 1953 484 2038 paveant)
499 1951 576 2015 istas
592 1949 657 2015 iam
674 1950 811 2036 spernite
829 1951 983 2016 flammas.

140 2037 255 2103 omnia
271 2036 327 2121 qui
343 2035 434 2113 vicit,
452 2035 571 2112 vincet,
590 2055 671 2118 quos
689 2035 830 2110 cernitis,
848 2037 953 2120 ignes3

147 2145 207 2189 nec
223 2122 285 2186 nisi
301 2131 444 2186 materna
460 2119 640 2187 Volcanum
657 2130 748 2206 parte
765 2131 928 2205 potentem
1225 2162 1229 2189 2

148 2208 271 2276 sentiet
314 2216 478 2272 aeternum
495 2215 557 2283 est,
574 2228 594 2270 a
611 2227 662 2272 me
679 2204 767 2289 quod
784 2205 893 2283 traxit,
911 2217 944 2274 et
960 2226 1073 2292 expers
1161 2254 1163 2259 ·

148 2306 244 2378 atque
260 2293 401 2357 immune
417 2290 505 2357 necis
527 2290 669 2376 nullique
690 2290 848 2356 domabile
865 2291 1020 2359 flammae.

147 2380 244 2464 idque
263 2400 323 2464 ego
341 2376 527 2443 defunctum
543 2387 628 2442 terra
644 2376 835 2442 caelestibus
852 2376 916 2441 oris

148 2465 214 2530 acci
237 2464 314 2541 iam,
333 2462 518 2546 cunctisque
535 2483 643 2530 meum
658 2461 806 2527 laetabile
823 2460 945 2530 iactum

148 2551 197 2616 dis
214 2487 283 2615 lore
301 2548 435 2614 confido.
478 2548 506 2613 si
523 2547 596 2632 quis
612 2559 720 2613 tamen
737 2547 893 2624 Hercule,
910 2547 938 2612 si
955 2548 1026 2632 quis

147 2636 230 2702 forte
248 2637 308 2701 deo
324 2633 480 2699 doliturus
497 2633 571 2710 erit,
588 2632 663 2700 data
678 2633 821 2720 praemia
837 2633 933 2710 nolet,

148 2721 205 2786 sed
222 2719 374 2786 meruisse
392 2718 461 2784 dari
476 2718 556 2785 sciet
571 2717 753 2803 invitusque
769 2717 936 2805 probabit?

149 2828 311 2872 assensere
329 2803 390 2869 dei.
433 2803 572 2870 coniunx
589 2825 717 2888 quoque
733 2803 822 2890 regia
838 2803 908 2868 visa
924 2815 973 2871 est
998 2807 1001 2816 ¹

148 2902 255 2958 cetera
270 2912 335 2956 non
351 2889 445 2966 duro,
463 2889 543 2954 duro
560 2899 667 2955 tamen
684 2888 796 2956 ultima
812 2889 904 2954 vultu

149 2977 234 3041 dicta
249 2976 358 3041 tulisse
375 2974 462 3040 Iovis
479 2996 577 3059 seque
593 2973 766 3041 indoluisse
782 2984 932 3040 notatam.

148 3062 268 3128 interea
285 3060 507 3145 quodcumque
524 3060 586 3125 fuit
600 3059 782 3146 populabile
799 3060 956 3136 flammae,

112 3173 114 3177 ’
149 3146 310 3213 Mulciber
326 3146 498 3212 abstulerat
503 3169 513 3224 ;
530 3166 591 3211 nec
608 3145 829 3230 cognoscenda
845 3145 996 3210 remansit

148 3230 298 3297 Herculis
316 3230 453 3315 effigies,
470 3252 530 3296 neo
547 3230 718 3315 quicquam
735 3231 777 3295 ab
793 3230 931 3317 imagine
949 3230 1080 3295 ductum

148 3316 258 3382 matris
275 3315 384 3393 habet,
401 3326 588 3401 tantumque
604 3316 690 3382 Iovis
708 3316 843 3465 vestiqq'a
860 3326 974 3381 servat

148 3413 248 3486 utque
264 3421 367 3466 novus
384 3423 527 3487 serpens,
544 3402 647 3487 posita
664 3423 737 3466 cum
755 3423 795 3487 pe
820 3424 837 3470 e
855 3411 991 3479 senecta,

147 3486 308 3554 luxuriare
325 3485 406 3551 solet
422 3506 616 3569 squamaque
636 3488 737 3553 nitere
751 3486 884 3553 recenti:

148 3573 195 3638 sic
212 3571 268 3638 nbi
284 3571 432 3638 mortales
449 3571 634 3655 Tirynthius
652 3574 741 3637 exuit
757 3583 854 3649 artus,

147 3668 237 3745 parte
254 3656 305 3723 sui
321 3656 450 3720 meliore
468 3656 568 3742 viget,
586 3657 749 3740 maiorque
766 3657 866 3722 videri

149 3742 253 3828 coepit
269 3752 301 3807 et
318 3750 455 3826 augusta
471 3740 540 3806 fieri
555 3742 711 3827 gravitate
728 3743 895 3808 verendus.
1187 3763 1237 3812 270

148 3849 243 3912 quem
261 3837 352 3912 pater
369 3826 567 3911 omnipotens
584 3826 667 3894 inter
684 3848 763 3893 cava
779 3827 889 3894 nubila
906 3839 1033 3912 raptum

147 3912 336 3998 quadriiugo
354 3933 450 3980 curru
465 3911 660 3979 radiantibus
677 3913 784 3977 intulit
800 3912 902 3978 astris.

191 3996 297 4064 Sensit
306 3998 399 4062 Atlas
408 3997 543 4083 pondus.
568 4019 671 4081 neque
681 3998 786 4063 adhuc
796 3996 996 4065 Stheneleius
1005 3997 1068 4064 iras
1079 3997 1204 4073 Alcmene
1212 4000 1236 4046 0²

148 4085 285 4150 solverat
302 4081 512 4169 Eurystheus.
530 4081 701 4167 odiumque
718 4082 752 4149 in
767 4084 857 4171 prole
874 4095 1041 4170 paternum
1079 4062 1224 4152 ‘mm'
