2800 4500
288 280 656 343 METAMORPHOSEON
672 283 747 338 LIB.
765 283 817 339 IX.
835 284 980 341 att-362.
1084 267 1146 336 153

124 411 226 478 arcuit
242 412 339 497 inque
355 409 453 496 pedes
471 408 606 474 mutavit
621 406 771 474 bracchia
787 407 925 494 primos.
977 424 979 429 ⁴
1032 418 1038 432 ‘

124 497 292 564 strenuitas
308 496 440 581 antiqua
456 505 578 572 manet3
595 516 656 559 nec
671 504 763 579 terga
780 493 917 558 colorem
1165 512 1215 562 sao

124 583 257 649 amisere
275 604 383 648 suum:
400 580 504 646 forma
520 590 569 646 est
585 578 710 646 diversa
725 577 833 665 priori.

124 690 207 753 quae
224 667 300 752 quia
315 665 461 733 mendaci
478 665 654 752 parientem
670 665 794 731 iuverat
811 685 875 742 ore,
1099 724 1104 733 .

124 776 179 819 ore
196 754 293 854 parit3
308 762 497 836 nostrasque
513 751 640 829 domos,
656 760 693 815 ut
711 762 743 816 et
759 761 848 828 ante,
865 749 1066 836 frequentat'

166 838 260 903 Drxrt
276 850 309 904 et
325 837 489 903 admonitu
505 836 621 903 veteris
639 846 798 902 commota
813 834 976 903 ministrae
1100 852 1215 921 Dryope.

123 923 288 1011 ingemuit.
319 945 415 1008 quam
433 922 480 988 sic
496 944 595 988 nurus
612 932 660 988 est
677 920 787 987 adfata
803 921 977 987 dolentemz
1166 941 1216 991 aas

124 1015 172 1077 ‘te
188 1022 305 1087 tamen,
323 1031 343 1074 o
383 1008 519 1085 enetrix,
537 1007 659 1074 alienae
677 1030 697 1071 a
714 1006 870 1092 sanguine
887 1018 995 1073 nostro

124 1106 215 1181 rapta
231 1104 338 1160 movet
354 1031 462 1159 heieu
506 1092 583 1178 quid
600 1091 628 1157 si
645 1091 703 1157 tibi
720 1092 801 1160 mira
817 1091 933 1158 sororis

124 1181 191 1247 fata
207 1202 298 1248 meae
313 1179 468 1246 referam?
493 1199 686 1264 quamquam
703 1177 913 1262 lacrimaeque
931 1176 1083 1266 dolorque
1146 1213 1149 1217 ’

123 1265 301 1352 impediunt
315 1264 546 1351 prohibentque
562 1262 659 1348 loqui.
702 1263 764 1328 fuit
780 1262 875 1328 unica
892 1264 984 1329 matri

124 1351 191 1433 (me
207 1361 298 1437 pater
315 1373 358 1419 ex
372 1348 435 1416 alia
450 1349 576 1436 genuit)
593 1348 758 1415 notissima
773 1348 877 1413 forma

125 1433 337 1503 Oechalidum
354 1434 498 1522 Dryope.
541 1457 638 1520 quam
655 1433 836 1520 virginitate
853 1445 1013 1501 carentem

124 1523 253 1608 vimque
270 1521 322 1588 dei
338 1543 465 1607 passam
481 1520 627 1606 Delphos
643 1519 827 1603 Delumque
844 1519 979 1586 tenentis

124 1607 242 1695 excipit
257 1606 475 1683 Andraemon,
494 1617 527 1672 et
542 1606 678 1671 habetur
695 1605 831 1691 coniuge
848 1604 935 1671 felix.

124 1703 173 1759 est
189 1694 292 1769 lacus,
310 1693 438 1758 acclivis
456 1691 578 1759 devexo
595 1690 739 1776 margine
756 1690 893 1756 formam

124 1778 223 1845 litoris
241 1777 396 1844 efficiens:
414 1800 574 1844 summum
591 1787 729 1862 myrteta
746 1786 908 1842 coronant.

124 1876 255 1930 venerat
271 1863 335 1929 huc
351 1862 485 1948 Dryope
502 1861 641 1928 fatorum
657 1862 779 1939 nescia,
795 1881 924 1945 quoque

123 1949 290 2036 indignere
305 1948 422 2034 magis,
440 1947 590 2034 nymphia
606 1947 711 2012 latura
727 1967 875 2012 coronas:

123 2035 220 2119 inque
239 2034 310 2100 sinu
326 2046 476 2121 puerum,
494 2032 547 2119 qui
566 2031 709 2098 nondum
725 2030 910 2118 impleverat
927 2055 1056 2114 aunum,

125 2121 217 2186 dulce
234 2118 358 2195 ferebat
375 2140 455 2184 onus
473 2118 635 2205 tepidique
652 2139 713 2202 ope
729 2115 821 2183 laetis
839 2117 953 2183 alebat.

123 2205 211 2273 haud
227 2204 339 2292 procul
355 2227 376 2270 a
393 2215 506 2291 stagno
523 2202 638 2290 Tyrios
655 2202 778 2269 imitata
795 2203 915 2269 colores

122 2293 158 2358 in
174 2314 264 2379 spem
282 2291 432 2357 bacarum
449 2288 582 2356 florebat
599 2288 746 2373 aquatica
761 2289 853 2354 lotos.

125 2387 286 2465 carpserat
302 2376 377 2444 hinc
393 2375 542 2462 Dryope,
561 2397 641 2460 quos
659 2374 870 2441 oblectamina
887 2385 962 2441 nato

167 2464 314 2549 nigeret,
331 2461 435 2528 flores.
479 2473 510 2526 et
527 2461 613 2527 idem
629 2460 755 2527 factura
770 2460 903 2526 videbar

140 2569 277 2632 namque
294 2546 453 2632 aderam):
471 2546 537 2612 vidi
553 2556 662 2633 guttas
679 2568 698 2612 e
715 2547 793 2611 flore
810 2556 956 2613 cruentas

124 2633 285 2710 decidere,
303 2643 335 2704 et
352 2632 487 2698 tremulo
503 2653 610 2698 ramos
626 2631 756 2698 horrore
774 2632 903 2697 moveri.

125 2719 258 2796 scilicet,
276 2729 312 2783 ut
329 2717 471 2783 referunt
488 2717 570 2783 tardi
586 2738 673 2782 nune
689 2717 827 2801 denique
844 2739 865 2782 a
887 2728 997 2796 restes,

124 2804 217 2871 Lotis
235 2804 269 2869 in
285 2804 368 2869 hanc
385 2802 540 2889 nymphe,
558 2801 685 2888 fugiens
704 2802 842 2868 obscena
858 2741 979 2888 Driapi,

125 2889 300 2956 contulerat
317 2910 442 2966 versos,
460 2897 585 2955 servato
602 2887 745 2963 nominc,
762 2888 880 2953 vultus.

124 2975 279 3042 nescierat
297 2995 385 3040 soror
401 2974 476 3052 hoc;
494 2994 575 3058 quae
594 2994 667 3040 cum
685 2971 851 3058 perterrita
867 2982 951 3039 retro

125 3062 171 3136 ire
189 3073 221 3127 et
238 3060 375 3125 adoratis
392 3060 489 3126 vellet
506 3057 667 3125 discedere
684 3057 845 3143 nymphis,

125 3146 294 3212 haeserunt
310 3145 417 3210 radice
434 3144 542 3230 pedes.
587 3143 765 3209 convellere
782 3154 920 3229 pugnat:

4 3285 6 3294 .
125 3254 184 3299 nee
201 3232 385 3316 quicquam,
402 3230 464 3295 nisi
481 3252 605 3295 summa
622 3238 744 3294 movete
762 3228 936 3294 subcrescit
952 3230 993 3293 ab
1010 3229 1075 3296 imo

124 3329 254 3401 totaque
271 3315 424 3402 paulatim
440 3315 544 3382 lentus
561 3314 677 3401 premit
693 3314 825 3398 inguina
842 3325 960 3380 cortex.

124 3414 161 3468 ut
178 3403 271 3480 vidit,
289 3411 402 3470 conata
418 3423 516 3465 manu
532 3401 651 3465 laniare
669 3400 810 3486 capillos,

125 3487 238 3553 fronde
255 3508 387 3551 manum
403 3484 560 3570 implevit3
576 3485 706 3551 frondes
723 3496 819 3571 caput
835 3506 929 3551 omne
945 3485 1106 3554 tenebant.
1167 3509 1217 3561 855

125 3583 159 3637 at
198 3594 257 3637 uer
272 3568 620 3657 Amphissus(namque
636 3570 698 3636 hoe
715 3592 794 3635 avus
811 3569 955 3655 Eurytus
971 3571 1018 3637 illi

126 3595 291 3723 adriiderat
306 3660 438 3739 nomen)
454 3666 597 3722 materna
612 3655 771 3742 rigescere
787 3655 883 3722 sentit

125 3741 240 3818 ubera,
257 3763 318 3806 nec
335 3741 477 3824 sequitur
494 3740 663 3807 ducentem
679 3742 800 3806 lacteus
817 3762 919 3807 umor.

126 3826 296 3913 spectatrix
312 3827 441 3891 aderam
458 3824 516 3890 fati
533 3826 669 3892 erudelis
686 3847 843 3911 opemque

124 3934 190 3978 non
206 3924 349 3998 poteram
367 3910 425 3977 tibi
442 3910 539 3989 ferre,
557 3932 660 3990 soror3
678 3922 897 3996 quantumque
913 3912 1070 3994 valebam,
1166 3932 1217 3984 aso

125 4008 318 4072 crescentem
336 4010 483 4063 truncum
499 4017 667 4080 ramosque
684 3997 832 4083 amplexa
849 3996 1010 4064 morabar:

124 4093 172 4163 et,
188 4082 300 4162 fateor,
318 4081 404 4150 volui
422 4081 482 4149 sub
497 4081 612 4156 eodem
630 4082 745 4154 cortice
763 4082 866 4152 condi.
