2800 4500
298 279 667 339 METAMORPHOSEON
683 280 756 337 LIB.
774 281 839 338 XV.
859 281 1003 338 arc-316.
1090 265 1165 333 ‘261

143 406 261 475 sicubi
278 417 402 473 terreno
420 405 530 490 Lycus
548 417 597 470 est
614 415 727 490 epotus
745 403 843 479 hiatu,
952 426 954 430 ·

143 493 248 560 existit
260 493 374 641 procul
391 490 466 556 hinc
483 489 609 574 alioque
625 489 802 555 renascitur
819 510 883 552 ore.

143 579 189 644 sic
206 601 258 643 mo
282 600 301 642 0
319 576 519 653 combibitur,
537 585 621 640 tecto
638 573 734 639 modo
750 572 878 659 gurgite
894 573 1003 659 lapsus
1184 595 1234 644 275

142 663 286 729 redditur
302 661 463 747 Argolicis
479 661 593 746 ingens
610 659 765 724 Erasinus
782 659 816 723 in
834 658 928 723 arvis.

143 759 175 814 et
191 748 325 832 Mysum
342 746 516 832 capitisque
534 745 584 810 sui
600 745 752 831 ripaeque
791 743 882 808 rioris

142 833 335 919 paenituisse
352 832 473 908 feriant,
491 830 554 895 alia
569 852 656 895 nunc
671 829 730 908 ire,
780 829 893 894 aicum.

142 939 283 983 necnon
301 916 446 984 Sicanias
464 915 594 981 volvens
612 915 800 980 Amenanus
817 911 953 979 harenas

142 1024 228 1068 nunc
244 1002 328 1078 fluit,
345 1000 504 1067 interdum
522 1000 698 1085 suppressis
716 999 857 1064 fontibus
876 1009 953 1064 aret.

143 1098 217 1153 ante
234 1087 412 1163 bibebatur,
429 1107 514 1151 nunc
531 1107 611 1170 quas
628 1085 812 1170 contingere
828 1084 919 1160 nolis,
1063 1160 1065 1163 ¹

143 1172 248 1237 fundit
265 1172 409 1256 Anigrus
427 1192 541 1254 aquas,
558 1182 730 1256 postquam
746 1168 823 1252 (nisi
839 1169 966 1236 vatibus
983 1169 1085 1235 omnis

143 1258 187 1322 eri
210 1257 306 1322 ienda
322 1256 416 1341 fides)
432 1255 497 1321 illic
513 1255 619 1321 lavere
636 1255 836 1321 Bimembres

221 1364 289 1418 cra,
307 1341 357 1406 cla
379 1340 387 1356 '
412 1341 458 1406 eri
474 1362 557 1424 quae
573 1340 693 1405 fecerat
710 1339 860 1405 Herculis
877 1361 978 1405 meus.

143 1426 240 1511 quid?
256 1447 321 1491 non
339 1436 371 1492 et
415 1425 546 1511 cythicis
563 1425 713 1510 Hypanis
730 1424 771 1491 de
788 1425 948 1490 montibus
966 1434 1063 1503 ortus,

144 1512 200 1595 qui
217 1512 323 1577 fueret
339 1511 455 1589 dtrlcis,
473 1510 591 1576 salibus
609 1511 738 1575 vitiatur
756 1510 891 1575 amaris?

143 1596 292 1661 fluctibus
309 1595 447 1661 ambitae
463 1596 590 1662 fuerant
606 1595 740 1661 Antissa
755 1596 944 1680 Pharosque

143 1691 175 1746 et
191 1681 369 1746 Phoenissa
385 1681 503 1766 Tyros:
521 1704 656 1766 quarum
673 1703 759 1746 nunc
776 1681 880 1747 insula
895 1682 984 1746 nulla
1000 1692 1058 1748 est.

143 1765 296 1831 Leucada
313 1765 495 1832 continuam
512 1776 635 1832 veteres
652 1765 793 1832 habuere
811 1767 927 1833 coloni:

142 1873 229 1916 nunc
246 1852 328 1916 freta
345 1851 517 1917 circuiunt.
562 1851 680 1917 Zancle
697 1871 825 1935 quoque
841 1852 950 1917 iuncta
965 1851 1065 1918 fuisse

143 1936 260 2002 dicitur
276 1935 404 2012 Italiae,
422 1935 523 2009 donec
541 1935 677 2000 confinia
692 1946 810 2021 pontus

143 2020 273 2085 abstulit
289 2033 321 2085 et
337 2020 443 2084 media
459 2019 603 2084 tellurem
620 2020 760 2105 reppulit
776 2020 871 2085 unda.

143 2106 170 2169 si
188 2126 321 2188 quaeras
338 2103 474 2168 Helicen
491 2115 524 2169 et
539 2104 657 2182 Burin,
674 2104 838 2169 Achaidas
854 2104 960 2180 urbes,

141 2189 283 2255 invenies
300 2188 361 2253 sub
379 2188 483 2273 aquis3
501 2200 533 2255 et
550 2188 655 2255 adhuc
671 2188 837 2256 ostendere
853 2200 969 2257 nautae

142 2274 291 2339 inclinata
308 2274 409 2339 solent
426 2296 499 2338 cum
515 2274 681 2340 moenibus
698 2275 816 2361 oppida
831 2275 953 2341 mersis.

143 2369 190 2425 est
206 2361 304 2445 prope
321 2359 484 2424 Pittheam
499 2360 640 2425 tumulus
657 2360 837 2438 Troezena,
854 2360 922 2426 sine
939 2361 1011 2426 ullis

143 2445 260 2509 arduus
278 2444 459 2520 arboribus,
477 2445 637 2529 quondam
654 2445 840 2531 planissima
856 2446 961 2532 campi

142 2552 230 2606 area,
248 2552 333 2595 nunc
350 2530 500 2596 tumulus.
543 2554 618 2595 nam
634 2567 678 2578 —
694 2554 746 2596 res
762 2530 920 2597 horrenda
936 2533 1038 2598 relatu
1053 2569 1097 2581 -

43 2623 47 2638 '
142 2615 190 2679 vis
207 2614 276 2679 fera
293 2628 459 2681 ventorum
477 2615 579 2681 caecis
595 2615 718 2681 inclusa
735 2617 888 2695 cavernis,

142 2700 286 2786 expirare
304 2701 570 2786 aliquempiam,
587 2701 770 2785 luctataque
786 2701 904 2768 frustra

141 2784 287 2849 liberiore
305 2785 368 2849 frui
385 2786 484 2862 caelo,
501 2807 575 2850 cum
592 2807 718 2851 carcere
735 2787 816 2850 rima
844 2809 847 2813 ⁸

98 2872 99 2875 ’
141 2871 229 2933 nulla
246 2869 328 2933 foret
344 2880 410 2933 toto
427 2891 487 2934 nec
503 2869 613 2955 pervia
629 2870 757 2935 flatibus
775 2885 868 2947 esset,

142 2965 302 3029 extentam
318 2954 482 3019 tumefecit
498 2954 644 3031 humum,
663 2976 723 3021 ceu
740 2978 754 3020 s
777 2955 868 3022 iritus
885 2956 947 3022 oris

142 3038 270 3102 tendere
287 3038 426 3103 vesicam
442 3039 522 3106 solet
539 3055 594 3104 aut
611 3040 742 3125 derepta
755 2978 880 3106 bicorni

141 3134 232 3207 terga
248 3143 286 3186 ca
308 3145 353 3186 ro.
397 3134 503 3188 tumor
518 3123 571 3189 ille
588 3125 650 3190 loci
666 3127 854 3210 permansit,
872 3136 904 3192 et
920 3127 976 3192 alti

142 3207 229 3271 collis
247 3146 343 3272 habet
359 3208 497 3292 speciem
514 3209 673 3295 longoque
689 3209 832 3276 induruit
848 3234 937 3277 aevo.

142 3291 277 3377 plurima
295 3315 367 3356 cum
384 3291 518 3358 subeant
534 3295 643 3359 audita
660 3306 717 3361 aut
733 3296 861 3381 cognita
877 3297 979 3374 nobis,

140 3398 244 3461 pauca
261 3399 357 3461 super
373 3378 517 3444 referam.
561 3379 657 3464 quid?
672 3401 738 3444 non
756 3394 788 3447 et
804 3381 935 3467 lympha
951 3384 1070 3465 figurae

141 3461 259 3543 datque
277 3462 425 3546 capitque
441 3465 560 3528 novas?
582 3465 689 3530 'medio
706 3476 776 3543 tua,
794 3468 943 3553 corniger
955 3469 1127 3546 Hammon,

139 3545 226 3609 unda
243 3546 294 3611 die
311 3547 417 3631 gelida
433 3560 495 3627 cst,
512 3560 647 3634 ortuque
665 3550 817 3635 obituque
834 3553 971 3619 calescit.

139 3629 273 3694 admotis
291 3632 488 3697 Athamanes
507 3633 597 3717 aquis
614 3635 787 3702 accendere
804 3636 927 3738 lignum

138 3727 316 3792 narrantur,
335 3717 480 3782 minimos
498 3740 572 3783 cum
588 3719 665 3784 luna
680 3721 812 3787 recessit
827 3746 860 3787 1n
878 3723 981 3789 orbes.

137 3799 255 3863 flumen
272 3798 391 3867 habent
409 3800 559 3879 Cicones,
577 3806 664 3888 quod
680 3817 793 3891 potum
809 3830 905 3873 saxea
921 3809 1025 3875 reddit

138 3883 275 3962 viscera,
293 3886 378 3969 quod
396 3888 488 3952 tactis
504 3888 625 3954 inducit
641 3913 800 3956 marmora
815 3891 921 3957 rebus.

139 3965 267 4033 Crathis
285 3981 317 4035 et
334 3970 408 4036 hinc
426 3971 559 4057 Sybaris
576 3976 690 4040 nostris
709 3977 922 4043 conterminus
940 3980 1004 4048 oris
1175 4000 1225 4053 315

140 4053 253 4121 electro
271 4055 388 4125 similes
406 4057 528 4126 faciunt
545 4081 686 4149 auroque
704 4061 844 4152 capillos.
