2800 4500
255 250 297 320 68
586 260 620 320 P.
640 260 765 320 OVIDII
781 258 945 320 NASONIS

254 389 282 455 si
298 398 405 455 tamen
421 386 455 453 in
473 386 525 453 dio
543 387 705 472 quondam
722 397 869 454 concreta
884 383 1043 473 profundo

255 497 369 560 spuma
385 473 447 551 fui,
466 471 665 557 Graiumque
682 483 791 539 manet
806 472 884 537 mihi
901 493 1017 539 nomen
1034 467 1076 537 ab
1092 466 1169 535 illa'

255 559 367 625 adnuit
384 558 486 624 oranti
502 558 671 644 Neptunus
689 569 722 624 et
738 558 868 623 abstulit
885 558 946 623 11115

255 646 342 729 quod
357 645 490 710 mortale
506 644 582 722 fuit,
600 644 860 728 maiestatemque
877 642 1047 709 verendam

186 753 237 802 545
253 730 418 816 imposuit,
436 751 616 814 nomenque
634 729 730 795 simul
745 729 923 814 faciemque
940 728 1080 805 novavit,

253 815 502 901 Leucotheeque
520 813 616 881 deum
633 837 707 882 cum
724 825 825 882 matre
842 813 1037 880 Palaemona
1055 811 1144 878 dixit.

298 900 450 969 Sidoniae
468 900 614 977 comites,
631 911 788 984 quantum
805 900 943 977 valuere,
961 911 1089 966 secutae
1157 897 1223 976 snus
1234 912 1278 947 ⁰⁰·

255 987 348 1074 signa
362 987 498 1073 pedum,
515 986 618 1073 primo
635 986 744 1052 videre
761 984 934 1052 novissima
950 1007 1042 1050 saxo:
1179 972 1260 1016 'mm‘

254 1096 315 1139 nec
331 1072 466 1139 dubium
482 1071 523 1137 de
540 1083 641 1137 morte
658 1082 761 1149 ratae,
780 1068 958 1137 Cadme'r'da
973 1068 1087 1161 palmis

187 1178 237 1228 545
255 1160 446 1245 deplanxere
464 1158 610 1235 domum,
627 1157 745 1222 scissae
762 1178 836 1223 cum
853 1168 941 1222 veste
958 1154 1099 1242 capillos,

175 1315 177 1318 Α
254 1255 353 1328 utque
369 1265 484 1329 parum
499 1242 601 1308 iustae
617 1240 814 1327 nimiumque
830 1241 864 1307 in
880 1240 1001 1328 paelice
1017 1260 1142 1317 saevae,

254 1329 405 1394 invidiam
423 1329 528 1394 fecere
545 1326 634 1394 deae.
678 1327 822 1393 convicia
837 1327 920 1392 Iuno

253 1438 319 1480 non
336 1415 408 1480 tulit
425 1425 457 1480 et
474 1413 605 1480 ‘faciam
621 1434 679 1479 vos
696 1413 783 1499 ipsas
800 1411 953 1478 maxima'
972 1411 1052 1477 dixit

255 1498 420 1565 ‘saevitiae
436 1499 630 1566 monimenta
646 1498 758 1564 meae?
801 1520 852 1565 res
869 1497 955 1563 dicta
971 1508 1080 1563 secuta
1096 1507 1155 1562 est.

188 1606 239 1655 555
255 1608 329 1650 nam
348 1605 430 1670 quae
447 1584 617 1670 praecipue
634 1583 740 1650 fuerat
756 1582 823 1670 pia,
842 1582 1042 1668 ‘persequar’
1060 1582 1165 1667 inquit

256 1671 304 1736 ‘in
321 1670 403 1736 freta
419 1669 583 1755 reginam,’
601 1670 781 1753 saltumque
799 1669 913 1734 datura
928 1668 1049 1734 moveri

255 1756 342 1821 haud
358 1776 495 1840 usquam
515 1754 618 1856 potuit
635 1754 830 1840 scopuloque
847 1753 954 1819 adfixa
971 1751 1125 1819 cohaesitr

256 1843 356 1907 altera
373 1841 450 1905 dum
466 1841 558 1906 solito
576 1850 710 1927 temptat
726 1840 879 1925 plangore
895 1838 989 1906 ferire

255 1939 400 2029 pectora,
417 1937 586 2012 temptatos
603 1925 702 1992 sensit
717 1924 853 2011 riguisse
869 1925 1017 1991 lacertos:

189 2013 325 2090 5551115,
342 2035 455 2077 manus
472 2022 508 2076 ut
524 2012 606 2079 forte
623 2009 799 2078 tetenderat
815 2010 848 2076 in
865 2009 962 2075 maris
979 2010 1092 2089 undas,

257 2119 353 2164 saxea
369 2097 455 2162 facta
472 2120 586 2162 manus
603 2095 637 2162 in
654 2095 784 2163 easdem
800 2095 933 2182 porrigit
949 2096 1066 2161 undasr

256 2183 366 2261 huius,
383 2193 419 2247 ut
436 2193 596 2270 arreptum
613 2181 756 2247 laniabat
772 2181 889 2247 vertice
907 2180 1036 2258 crinem,

257 2268 386 2335 duratos
404 2269 508 2335 subito
527 2268 642 2355 digitos
658 2267 693 2334 in
710 2267 795 2335 crine
813 2265 953 2334 videresr

257 2377 321 2439 quo
339 2375 484 2440 quaeque
500 2354 535 2419 in
551 2365 645 2441 gestu
663 2354 819 2440 deprensa
835 2364 899 2431 est,
916 2352 1019 2418 haesit
1035 2352 1069 2418 in
1086 2351 1151 2418 illo.

189 2461 240 2510 555
256 2463 331 2526 pars
347 2440 492 2506 volucres
510 2440 629 2518 factae3
646 2461 729 2523 quae
746 2460 831 2504 nunc
848 2439 1120 2589 (Ιηοᾳηᾝτςίω
1136 2438 1170 2503 15
1185 2437 1240 2504 illo

257 2547 397 2609 aequora
414 2524 613 2611 destringunt
630 2524 762 2589 summis
779 2524 956 2591 Ismenides
1006 2524 1013 2539 '
1033 2571 1042 2588 .

299 2610 411 2677 Nescit
419 2608 620 2696 Agenorides
633 2620 742 2675 natam
754 2630 951 2711 parvumque
965 2620 1112 2696 nepotem
1123 2608 1236 2662 Cadmus
1248 2614 1280 2689 ,εἰ

257 2695 404 2781 aequoris
421 2718 491 2762 esse
508 2696 595 2763 deos.
630 2697 718 2761 luctu
736 2716 879 2780 seneque
897 2695 1054 2760 malorum
1121 2676 1278 2730 Hmma·

257 2782 360 2847 victus
377 2791 410 2848 55
426 2780 572 2859 ostentis,
590 2802 672 2865 quae
689 2779 827 2868 plurima
843 2779 980 2857 viderat,
998 2780 1064 2846 exit

190 2889 241 2940 555
258 2866 402 2933 conditor
418 2867 498 2933 urbe
514 2889 587 2944 sua,
605 2878 771 2950 tamquam
787 2866 915 2932 fortuna
930 2867 1084 2944 locorum,

257 2975 322 3019 non
339 2974 397 3017 555
415 2974 449 3018 55
465 2962 637 3038 premeret3
653 2952 821 3038 longisque
839 2952 996 3017 erroribus
1014 2963 1104 3017 actus

258 3036 391 3124 contigit
406 3037 552 3123 Illyricos
568 3036 708 3139 profuga
724 3060 799 3103 cum
816 3036 952 3123 coniuge
968 3037 1057 3103 fines.

257 3124 385 3208 iamque
402 3123 493 3188 malis
511 3144 664 3208 annisque
681 3144 810 3209 graves,
829 3121 906 3186 dum
922 3120 1024 3208 prima
1041 3132 1210 3188 retractant

257 3209 325 3275 fata
342 3207 455 3275 domus
471 3209 682 3295 releguntque
699 3228 775 3273 suos
792 3228 936 3273 sermone
952 3207 1087 3285 labores,

190 3317 241 3367 oro
259 3303 350 3361 ‘num
367 3316 457 3360 sacer
473 3293 526 3359 ille
543 3315 616 3359 mea
632 3293 782 3359 traiectus
799 3292 930 3378 cuspide
947 3292 1090 3378 serpens’

259 3378 402 3447 Cadmus
419 3380 464 3444 ait
479 3380 613 3457 ‘fuerat,
630 3390 714 3455 tum,
732 3399 806 3443 cum
823 3375 942 3445 Sidone
958 3377 1121 3464 profectus

258 3466 402 3552 vipereos
420 3464 521 3551 sparsi
537 3486 595 3549 per
611 3464 759 3541 humum,
775 3484 861 3528 nova
877 3462 1012 3541 semina,
1030 3463 1160 3532 dentes?

258 3572 355 3634 quem
371 3549 399 3614 si
415 3572 492 3616 cura
508 3549 604 3616 deum
620 3560 687 3614 tam
705 3559 790 3614 certa
806 3547 948 3613 vindicat
962 3549 1020 3625 ira,

258 3636 270 3700 i
293 3657 327 3701 55
344 3657 456 3722 precor
472 3657 602 3722 serpens
618 3635 653 3700 in
669 3635 799 3721 longam
815 3632 960 3734 porrigar
976 3633 1103 3699 alvum!

190 3741 241 3792 555
283 3720 290 3736 '
315 3719 340 3785 ‘t
356 3731 398 3797 et,
415 3730 452 3786 ut
468 3743 612 3822 serpens,
628 3719 663 3785 in
678 3720 809 3806 longam
826 3719 966 3786 tenditur
982 3719 1100 3797 alvum,

259 3806 453 3889 durataeque
470 3817 537 3871 cuti
553 3827 704 3891 squamas
720 3804 894 3871 increscere
912 3803 1006 3871 sentit

257 3891 413 3977 nigraque
431 3890 582 3957 caeruleis
598 3889 715 3957 variari
732 3912 864 3978 corpora
879 3889 988 3978 guttis,

258 3975 293 4041 in
310 3988 484 4062 pectusque
502 3975 586 4042 cadit
601 3998 736 4062 pronus,
754 3975 983 4060 commissaque
1000 3975 1033 4041 in
1051 4000 1151 4044 unum

249 4059 417 4156 paulatim
430 4058 523 4129 tereti
538 4072 709 4130 tenuantur
725 4061 869 4131 acumine
887 4084 1008 4150 crura..
1066 4147 1070 4153 .
1097 4147 1100 4152 ⁴
