2800 4500
329 274 698 343 mrauoapuosnou
714 277 787 342 nm.
807 275 842 344 v:
860 286 1005 346 nassa.
1140 264 1182 344 85

158 406 375 493 ruricolasque
391 408 490 474 boves
507 410 571 475 leto
589 410 676 475 dedit
692 432 832 495 arvaque
849 411 941 476 iussit
1039 428 1040 434 ’

158 494 268 560 fallere
286 495 465 580 depositum
482 495 656 580 vitiataque
674 496 796 561 semina
812 496 898 562 fecit
1199 519 1250 569 48⁰

158 580 303 660 fertilitas
321 592 437 657 terrae,
455 581 555 645 latum
572 582 704 667 vulgata
720 604 777 666 per
794 582 914 659 orbem,

158 664 240 729 falsa
258 665 350 731 iacet.
394 666 503 751 primis
521 677 645 752 segetes
662 667 841 732 moriuntur
856 668 889 733 in
906 668 1024 747 herbis,

159 761 192 815 et
208 751 303 815 modo
321 750 368 816 sol
384 751 516 828 nimius,
533 751 650 816 nimius
667 752 762 816 modo
780 753 909 839 corripit
925 754 1036 831 imber,

159 836 325 921 sideraque
342 837 492 920 ventique
509 847 638 914 nocent,
656 837 832 921 avidaeque
849 839 994 904 volucres

159 921 280 986 semina
296 923 379 987 iacta
395 922 516 1008 legunt.
558 923 669 987 lolium
686 922 857 1008 tribulique
874 924 1011 1012 fatigant

158 1006 295 1072 triticeas
312 1030 432 1072 messes
449 1018 482 1073 et
497 1007 745 1093 inexpugnabile
762 1031 904 1094 gramen.

158 1102 226 1156 tum
244 1103 340 1178 caput
356 1092 445 1158 Eleis
462 1092 617 1179 Alpheias
634 1094 748 1158 extulit
764 1095 857 1159 undis

157 1189 363 1262 rorantesque
380 1200 487 1243 comas
505 1202 525 1243 a
541 1179 644 1244 fronte
661 1179 797 1244 removit
813 1181 853 1244 ad
871 1203 964 1246 aures

157 1270 254 1351 atque
272 1263 317 1327 ait
333 1269 388 1327 “‘o
405 1274 471 1329 toto
489 1264 650 1348 quaesitae
667 1264 799 1350 virginis
816 1264 893 1330 orbe

158 1358 189 1413 et
206 1349 336 1434 frugum
377 1348 513 1426 custrix,
529 1349 700 1414 immensos
718 1351 794 1415 siste
810 1350 945 1428 labores,

156 1456 238 1499 neve
256 1433 314 1498 tibi
330 1372 413 1500 fidae
431 1435 569 1500 violenta
585 1434 722 1501 irascere
739 1435 856 1501 terrael

156 1528 241 1584 terra
257 1518 336 1584 nihil
353 1519 482 1596 meruit,
499 1521 665 1605 patuitque
681 1521 782 1586 invita
798 1521 938 1607 rapinae.

156 1626 216 1669 nec
233 1626 304 1669 sum
321 1627 379 1690 pro
396 1605 500 1692 patria
516 1607 664 1693 supplex:
683 1606 747 1671 huc
764 1606 890 1693 hospita
906 1607 990 1685 veni,

156 1689 235 1754 Pisa
250 1690 329 1755 mihi
346 1691 448 1776 patria
465 1702 527 1767 est,
545 1702 578 1756 et
594 1691 635 1756 ab
654 1692 747 1758 Elide
765 1692 910 1757 ducimus
929 1705 1031 1758 ortus:

157 1772 319 1841 Sicaniam
336 1776 505 1862 peregrina
521 1777 600 1842 colo.
645 1779 701 1842 sed
718 1777 838 1863 gratior
854 1779 941 1842 omni

155 1860 235 1927 haec
252 1861 330 1926 mihi
346 1872 431 1939 terra
448 1863 515 1926 solo
532 1873 590 1927 est.
633 1862 691 1927 hos
708 1885 794 1928 nunc
811 1863 974 1928 Arethusa
990 1863 1139 1943 Penates,

154 1946 239 2012 hanc
255 1946 358 2013 habeo
376 1948 499 2013 sedem:
518 1969 616 2031 quam
632 1958 683 2025 tu,
700 1947 880 2025 mitissima,
899 1970 1000 2014 serva.

155 2043 243 2096 mota
258 2031 329 2097 loco
347 2055 404 2097 cur
421 2034 481 2097 sim
498 2033 640 2116 tantique
656 2055 715 2119 per
732 2034 877 2117 aequoris
894 2034 997 2099 undas

155 2115 296 2181 advehar
313 2114 497 2204 Ortygiam,
515 2119 621 2183 veniet
638 2118 817 2183 narratibus
834 2118 913 2183 hora

155 2202 344 2288 tempestiva
359 2203 453 2281 meis,
471 2226 545 2269 cum
562 2215 597 2269 tu
615 2226 754 2290 curaque
770 2204 876 2270 levata

157 2298 189 2353 et
206 2289 313 2353 vultus
330 2290 468 2355 melioris
486 2290 556 2355 eris.
599 2290 678 2355 mihi
694 2290 806 2376 pervia
822 2292 914 2356 tellus

154 2374 287 2523 praebet
302 2374 372 2453 iter,
390 2375 561 2459 subterque
578 2375 658 2440 imas
675 2377 783 2441 ablata
801 2397 952 2441 cavernas

177 2458 207 2524 ic
224 2471 321 2544 caput
337 2461 446 2526 attollo
464 2460 658 2544 desuetaque
676 2461 780 2526 sidera
797 2484 901 2527 cerno.

154 2565 232 2631 ergo
250 2545 327 2610 dum
346 2544 461 2633 Stygio
479 2545 539 2611 sub
556 2547 647 2611 terris
665 2548 792 2634 gurgite
809 2547 909 2624 labor,

153 2630 223 2695 visa
239 2640 296 2696 tua
313 2642 361 2696 est
378 2631 478 2697 oculis
494 2631 560 2696 illic
576 2631 770 2718 Proserpina
786 2632 916 2698 nostris:

153 2714 209 2780 illa
225 2716 359 2799 quidem¹
372 2716 485 2794 tristis,
503 2738 606 2801 neque
624 2717 730 2782 adhuc
747 2718 890 2784 interrita
907 2719 1008 2797 vultu,

155 2800 212 2866 sed
228 2802 339 2888 regina
355 2811 477 2879 tamen,
495 2803 551 2868 sed
569 2803 661 2889 opaci
677 2804 816 2867 maxima
832 2805 953 2881 mundi,

154 2885 211 2951 sed
227 2896 334 2953 tamen
350 2886 467 2952 inferni
482 2888 605 2974 pollens
622 2900 767 2953 matrona
783 2888 951 2974 tyranni.’''

155 2983 258 3037 mater
275 2972 316 3037 ad
334 2973 459 3038 auditas
477 2973 599 3059 stupuit
616 2995 675 3038 ceu
693 2996 791 3038 saxea
807 2996 913 3051 voces,

155 3056 370 3142 attonitaeque
388 3058 443 3123 diu
461 3058 570 3123 similis
588 3058 658 3123 fuit.
702 3070 802 3143 utque
820 3059 928 3125 dolore

153 3142 247 3227 pulsa
263 3143 354 3228 grau
370 3144 478 3229 gravis
496 3154 545 3209 est
561 3144 712 3219 amentia,
731 3144 876 3210 curribus
893 3166 987 3210 auras

154 3227 220 3291 exit
236 3227 270 3291 in
287 3227 451 3293 aetherias.
495 3228 541 3293 ibi
558 3239 624 3293 toto
641 3229 753 3294 nubila
769 3231 860 3294 vultu

154 3324 228 3377 ante
244 3311 357 3377 Iovem
372 3314 475 3399 passis
493 3314 579 3380 stetit
595 3314 753 3379 invidiosa
770 3315 892 3400 capillis

153 3397 345 3482 “‘pr0’''que
362 3405 470 3464 “‘meo
488 3399 561 3465 veni
580 3401 714 3485 supplex
732 3400 804 3476 tibi,
823 3398 1006 3485 Iuppiter‚’''
1023 3398 1134 3484 inquit,

154 3484 347 3569 “‘sanguine
362 3505 484 3571 proque
501 3495 567 3549 tuo.
611 3485 639 3549 si
656 3485 744 3549 nulla
761 3496 810 3551 est
826 3484 929 3571 gratia
945 3485 1065 3562 matris,

152 3579 228 3633 nata
243 3578 368 3655 patrem
384 3580 520 3634 moveat
564 3593 628 3635 neu
646 3571 687 3634 sit
704 3570 761 3636 tibi
780 3591 871 3646 cura,
889 3590 1066 3655 precamur,

152 3653 245 3718 vilior
260 3654 360 3732 illius,
378 3654 465 3738 quod
481 3666 589 3720 nostro
607 3666 655 3720 est
672 3654 759 3721 edita
775 3666 878 3741 partu.

152 3760 193 3804 en
211 3740 355 3822 quaesita
373 3739 429 3804 diu
446 3740 575 3805 tandem
592 3739 671 3805 mihi
687 3752 764 3805 nata
781 3751 906 3826 reperta
923 3750 985 3805 est:

151 3824 179 3889 si
196 3825 334 3911 reperire
352 3846 448 3890 vocas
466 3825 609 3891 amittere
627 3826 757 3903 certius,
776 3839 832 3889 aut
849 3825 876 3890 si

150 3909 246 3987 scire,
264 3908 320 3974 ubi
338 3910 392 3987 sit,
410 3910 549 3996 reperire
566 3932 672 3976 vocas.
716 3911 803 3994 quod
819 3920 925 3997 rapta,
943 3910 1092 3988 feremus,

151 3995 325 4059 dummodo
343 3996 456 4061 reddat
474 4017 554 4060 eam.
597 4018 701 4080 neque
720 3997 805 4063 enim
822 3995 983 4081 praedone
999 3996 1112 4062 marito

150 4080 216 4151 filia
233 4080 332 4176 digna
348 4092 405 4150 tua
422 4092 471 4150 est
487 4113 532 4128 -
548 4080 575 4148 si
591 4080 655 4149 iam
672 4104 746 4151 mea
761 4081 827 4151 filia
843 4102 908 4149 non
926 4081 1016 4159 est.'’'⁴
