2800 4500
337 302 702 365 METAMORPHOSEON
718 302 791 363 LIB.
811 301 863 365 IV.
881 300 1008 362 96-183.
1141 288 1190 358 ὅθ

163 430 296 496 vulnera
313 431 471 517 supplevit
486 431 623 497 lacrimis
640 431 813 516 fletumque
831 430 934 497 cruori
1184 445 1254 501 '140

163 516 304 593 miscuit,
321 528 352 582 et
370 517 483 603 gelidis
499 517 533 581 in
550 517 690 582 vultibus
709 517 818 582 oscula
834 515 949 602 figens·
1001 561 1002 564 κ

164 601 364 687 “Pyrame’',
382 602 530 667 clamavit
547 603 642 687 “quis
659 614 691 667 te
709 603 787 666 mihi
804 623 896 666 casus
915 600 1051 667 ademit?

163 687 318 772 Pyrame,
335 687 504 773 respondel
530 698 586 753 tua
602 699 634 752 te
650 687 813 753 carissima
829 686 949 752 Thisbe

164 772 319 837 nominat:
338 774 453 838 exaudi
471 775 639 856 vultusque
657 772 765 839 attolle
782 771 960 838 iacentesl’'

9 859 339 935 ,fQ
356 858 492 923 Thisbes
510 860 618 924 oculos
634 859 699 923 iam
716 868 817 923 morte
833 868 982 943 gravatos
1082 893 1084 896 >
1205 877 1253 928 115

312 965 324 1008 s
342 943 442 1008 erexit
458 943 590 1027 visaque
606 942 783 1010 recondidit
799 943 891 1023 illa,
1247 974 1249 979 ¹

313 1040 432 1113 stquam
449 1040 632 1112 vestemque
650 1051 742 1094 suam
759 1028 908 1142 cognovit
924 1038 957 1094 et
973 1050 1049 1093 enss

311 1137 341 1178 rr
357 1136 509 1193 vacuum,
527 1121 655 1179 “tuate
672 1115 799 1179 manus'
828 1113 931 1197 inquit
950 1121 1126 1196 “amorque

310 1246 318 1275 ,
335 1198 456 1264 infelix.
499 1211 548 1265 est
565 1211 597 1264 et
613 1199 692 1263 mihi
708 1199 798 1265 fortis
816 1199 850 1263 in
866 1221 966 1264 unum
1214 1200 1218 1204 ’

309 1307 372 1361 ms3
390 1297 438 1349 est
455 1296 486 1350 et
503 1306 607 1349 amor:
625 1284 715 1350 dabit
731 1284 784 1350 hic
800 1284 834 1349 in
851 1285 984 1349 vulnera
1001 1283 1093 1349 vires.
1207 1302 1256 1352 150

308 1390 338 1432 51
355 1371 529 1436 extinctum
545 1369 663 1454 letique
680 1369 856 1437 miserrima
873 1370 961 1435 dicar

308 1475 449 1539 >mosque
466 1455 523 1520 tui.
567 1456 686 1538 quique
704 1479 724 1520 5
741 1476 792 1520 me
808 1466 910 1519 morte
927 1453 1037 1520 revelli

306 1567 315 1604 t
330 1553 471 1625 poteras,
488 1540 605 1626 poteris
621 1563 681 1606 nec
697 1551 800 1606 morte
817 1539 940 1606 revellil

305 1648 350 1690 ren
368 1625 532 1690 amborum
550 1626 655 1691 verbis
672 1637 772 1693 estote
787 1626 903 1711 rogati,
971 1663 975 1669 -

304 1733 339 1774 m
356 1710 475 1788 miseri,
493 1733 583 1776 meus
600 1711 748 1795 illiusque
764 1723 921 1797 parentes,
1207 1724 1256 1778 155

319 1809 423 1864 certus
439 1817 539 1875 amor,
556 1817 637 1880 quos
653 1796 733 1861 hora
749 1796 923 1861 novissima
937 1793 1051 1872 iunxit,

303 1880 315 1945 i
332 1881 454 1946 tumulo
469 1903 533 1946 non
550 1880 717 1946 invideatis
735 1882 857 1947 eodem.

301 1989 368 2050 puae
385 1965 481 2032 ramis
498 1966 592 2032 arbor
608 1966 788 2032 miserabile
806 1988 920 2052 corpus

308 2052 351 2136 gis
368 2052 476 2129 unius,
494 2073 569 2117 mox
587 2075 621 2117 es
638 2062 760 2116 tectura
777 2051 921 2128 duorum,

310 2160 349 2202 ne
367 2136 487 2214 caedis,
504 2138 670 2223 pullosque
688 2146 721 2201 et
737 2136 875 2203 luctibus
893 2146 984 2222 aptos
1209 2154 1259 2205 150

310 2222 392 2288 habe
409 2222 508 2301 fetus,
525 2222 645 2309 gemini
661 2221 856 2288 monimenta
873 2217 1023 2287 cmoris.”

305 2318 437 2394 raptato
454 2313 566 2394 pectus
583 2330 735 2374 mucrone
752 2308 812 2374 sub
829 2308 929 2373 imum

307 2393 427 2471 zferro,
445 2394 531 2477 quod
548 2393 652 2459 adhuc
670 2417 689 2457 a
707 2394 805 2459 caede
822 2392 959 2479 tepebat.

306 2502 367 2544 nen
384 2479 516 2565 tetigere
533 2479 625 2555 deos,
642 2479 776 2566 tetigere
793 2491 950 2564 parentes.

305 2568 348 2629 lor
363 2564 397 2628 in
413 2585 508 2650 pomo
526 2576 588 2642 est,
605 2564 662 2629 ubi
678 2564 900 2650 permaturuit,
918 2573 999 2628 ater:
1208 2582 1257 2633 155

303 2671 318 2713 5
334 2649 420 2735 rogis
436 2661 595 2734 superest,
612 2673 677 2718 11115
693 2649 863 2733 requiescit
879 2649 913 2713 in
929 2647 1064 2733 um&

302 2746 369 2811 erat,
385 2735 589 2819 mediumque
604 2735 667 2799 fuit
678 2735 775 2801 breve
788 2745 924 2820 tempus,
942 2745 975 2799 et
987 2756 1060 2798 orsa
1072 2744 1121 2798 est
1136 2732 1222 2799 (Mar³
1233 2740 1259 2785 εἰ

300 2819 477 2886 Leuconoe:
495 2841 607 2886 vocem
623 2830 754 2886 tenuere
772 2842 905 2885 sorores.
1143 2799 1246 2867 VM)

299 2927 427 2989 puoque,
444 2905 567 2971 siderea
583 2905 639 2989 qui
655 2916 811 2991 temperat
828 2904 934 2969 omnia
950 2905 1031 2980 luce,

300 3012 358 3054 nor
376 2989 498 3057 Solem:
518 2989 602 3057 Solis
619 2991 794 3057 referemus
812 3011 944 3055 amores.
1112 3051 1115 3058 ,
1209 3008 1258 3060 115

307 3075 497 3141 adulterium
513 3076 648 3141 Veneris
666 3098 740 3141 cum
756 3075 863 3141 Marte
880 3085 1010 3160 putatur

295 3160 354 3226 isse
372 3162 465 3227 deus:
483 3160 570 3226 videt
587 3160 639 3225 hic
656 3161 735 3226 deus
753 3160 859 3227 omnia
875 3160 1006 3247 primus.

295 3245 418 3323 tlacto,
436 3246 716 3332 Iunonigenaeque
733 3246 846 3311 marito

296 3330 330 3395 tri
346 3331 486 3415 furtique
502 3332 608 3397 locum
624 3333 819 3412 monstravit.
862 3331 957 3396 atilli

297 3438 321 3492 1,
339 3427 371 3481 51
387 3417 474 3499 quod
491 3438 572 3503 opus
589 3415 712 3482 fabrilis
730 3417 841 3482 dextra
857 3415 996 3494 tenebat,
1208 3433 1257 3486 115

319 3502 497 3586 'extemplo
514 3501 648 3587 graciles
666 3525 707 3567 ex
725 3523 797 3567 aere
815 3511 942 3567 catenas
1197 3538 1200 3542 .

293 3608 309 3650 5
327 3597 359 3651 51
375 3587 520 3669 laqueos,
537 3607 620 3670 quas
636 3587 758 3651 lumina
774 3587 883 3652 fallere
899 3596 1039 3670 possent,

294 3670 370 3754 (non
387 3671 467 3736 illud
483 3693 563 3758 opus
580 3672 764 3737 tenuissima
781 3672 909 3735 vincant

292 3781 318 3834 1,
334 3778 398 3821 non
416 3778 540 3821 summo
553 3778 640 3840 ¹quae
656 3757 775 3842 pendet
792 3779 909 3821 aranea
925 3756 1039 3842 tigno),

291 3864 369 3907 eves
387 3852 489 3907 tactus
507 3852 730 3925 momentaque
747 3864 846 3927 parva
863 3854 1045 3925 sequantur,
1206 3859 1255 3912 185

168 3940 280 4003 5111511,
297 3938 328 3992 51
345 3927 427 3992 15515
445 3926 639 3992 circumdata
656 3928 789 3992 collocat
807 3935 890 4011 apte.

167 4022 204 4075 ut
221 4033 335 4076 venere
352 4018 458 4077 tor'um
475 4010 612 4083 coniunx
630 4023 662 4077 et
680 4012 804 4077 adulter
819 4011 853 4076 in
870 4035 980 4091 unum,

168 4109 235 4164 erte
252 4095 312 4161 viri
329 4097 503 4195 vinclisque
519 4118 604 4162 nova
620 4097 741 4163 ratione
757 4097 875 4183 paratis
