2800 4500
237 261 301 330 222
549 277 583 333 P.
602 278 727 337 OVIDII
745 277 907 337 NASONIS

232 400 375 502 Hectora
391 401 446 486 881
463 402 563 479 88188,
582 401 638 486 881
654 386 774 469 ferrum
791 402 945 504 ignesque
963 402 1136 488 Iovemque
1189 390 1191 397 Α
1248 396 1251 402 ’

233 497 381 551 sustrnurt
398 487 528 564 totiens,
546 510 641 551 unam
659 509 725 552 888
742 499 875 554 sustinet
892 488 982 564 iram,

164 588 214 639 885
232 571 447 656 invictumque
465 572 569 637 virum
591 572 666 638 vicit
692 573 791 638 dolor.
844 573 952 658 arripit
969 595 1078 638 ensem

232 669 263 722 et
281 664 385 722 ‘meus
403 657 455 722 hic
472 669 557 723 certe
574 669 636 723 est:
655 681 696 723 an
714 671 746 724 et
763 658 848 723 hunc
865 658 925 723 sibi
943 658 1045 743 poscit
1061 656 1195 723 Ulixes?

231 741 305 807 hoc'
324 742 368 807 ait
386 743 555 808 ‘utendum
572 743 670 807 estin
688 766 739 808 me
756 744 844 808 mihi.
887 744 1006 827 quique
1023 764 1134 809 cruore

231 849 327 914 saepe
343 826 511 914 Phrygum
527 828 664 905 maduit,
681 829 801 894 domini
818 850 903 893 8888
921 829 1017 894 caede
1035 829 1185 907 madebit,

229 935 270 977 ne
288 913 457 997 quisquam
473 913 607 978 Aiacem
625 915 724 999 possit
743 936 893 999 superare
909 914 969 979 nisi
988 914 1094 979 Aiax!

163 1014 213 1065 888
231 998 321 1076 dixit,
338 999 419 1064 etin
459 1010 547 1064 ectus
564 1010 632 1063 tum
649 1000 778 1065 demum
796 1001 928 1064 vulnera
944 1021 1084 1085 passum,

230 1105 295 1166 qua
311 1083 414 1170 patuit
429 1022 564 1161 linum,
580 1085 708 1150 letalem
726 1084 867 1150 condidit
883 1107 1002 1150 ensem.

230 1191 289 1234 nec
306 1170 434 1234 valuere
451 1192 565 1234 manus
581 1169 716 1235 infixum
733 1172 867 1236 educere
884 1169 997 1236 telum:

230 1253 352 1339 expulit
368 1254 436 1340 ipse
454 1276 555 1320 cruor.
598 1255 826 1339 rubefactaque
844 1255 998 1340 sanguine
1015 1256 1108 1321 tellus

229 1362 424 1425 purpureum
442 1340 534 1404 viridi
550 1341 661 1427 genuit
679 1340 720 1406 de
738 1341 874 1427 caespite
891 1342 1011 1419 liorem,

161 1443 212 1493 885
230 1425 285 1508 881
302 1426 389 1510 prins
408 1423 544 1491 Oebalio
561 1427 665 1491 fuerat
682 1426 723 1492 de
740 1427 871 1492 vulnere
887 1436 993 1491 natus.

228 1511 333 1575 littera
350 1512 526 1576 communis
543 1512 656 1576 mediis
672 1532 837 1597 pueroque
854 1512 986 1596 viroque

228 1594 381 1681 inscripta
397 1607 446 1662 est
462 1595 561 1674 foliis,
578 1597 658 1663 haec
675 1597 827 1674 nominis,
844 1597 900 1661 illa
916 1596 1073 1679 querelae.

270 1681 384 1748 Victor
396 1681 437 1746 ad
451 1682 646 1783 Hypsipyles
659 1683 795 1770 patriam
809 1681 949 1765 clarique
962 1682 1117 1748 Thoantis
1134 1698 1250 1753 Hecuba

162 1792 166 1805 ·
229 1777 262 1833 et
278 1777 422 1832 veterum
439 1778 539 1832 terras
555 1768 691 1833 infames
709 1768 807 1833 caede
824 1767 963 1832 virorum

160 1870 212 1921 488
229 1852 300 1917 vela
318 1852 385 1928 dat,
402 1864 439 1917 ut
455 1852 581 1928 referat,
599 1853 768 1939 Tirynthia
784 1853 862 1931 tela,
880 1852 1023 1939 sagittas.

228 1958 311 2021 quae
327 1949 497 2039 postquam
514 1938 556 2003 ad
574 1935 705 2017 Graios,
723 1939 851 2004 domino
869 1938 1053 2016 comitante,
1070 1939 1202 2018 revexit,

227 2022 375 2108 imposita
392 2035 441 2090 est
456 2046 527 2090 sero
545 2025 675 2090 tandem
690 2047 805 2091 manus
822 2024 934 2090 ultima
952 2023 1045 2090 bello.

227 2106 338 2195 [Troia
355 2109 449 2174 simul
465 2109 679 2191 Priamusque
697 2109 827 2173 cadunt:
845 2108 1005 2173 Priameia
1021 2108 1157 2173 coniunx

160 2212 163 2223 ⁴
227 2195 364 2284 perdidit
381 2195 491 2263 infelix
509 2196 644 2274 hominis
662 2208 735 2284 post
751 2195 858 2263 omnia
874 2197 1009 2262 formam

159 2301 210 2351 485
228 2293 438 2368 externasque
454 2305 538 2348 novo
554 2285 671 2349 latratu
688 2284 800 2349 terruit
816 2305 899 2361 oras,

227 2369 341 2454 longus
357 2368 391 2432 in
408 2380 580 2454 angustum
596 2390 661 2452 qua
678 2368 836 2434 clauditur
852 2367 1103 2455 Hellespontus]

227 2453 310 2518 Ilion
329 2453 474 2531 ardebat,
492 2476 597 2537 neque
615 2454 721 2519 adhuc
737 2454 923 2519 consederat
938 2452 1037 2539 ignis:

227 2538 442 2624 exiguumque
460 2539 543 2604 senis
559 2538 681 2604 Priami
698 2539 783 2604 Iovis
801 2562 856 2603 ara
872 2559 1016 2605 cruorem

228 2625 432 2689 combiberat.
476 2634 610 2689 tractata
627 2624 725 2690 comis
743 2624 883 2690 antistita
899 2622 1024 2689 Phoebi

158 2728 210 2779 418
226 2731 290 2774 888
298 2710 504 2859 profecturas
521 2708 672 2775 tendebat
688 2710 730 2774 ad
747 2711 876 2776 aethera
893 2711 1025 2795 palmas.

226 2793 297 2860 Dar
320 2794 430 2859 anidas
447 2805 579 2873 matres,
596 2796 770 2880 patriorum
787 2795 880 2882 signa
896 2795 1028 2861 deorum

227 2879 302 2944 durn
321 2881 396 2946 licet
412 2881 576 2966 amplexas
593 2901 809 2965 succensaque
826 2882 944 2967 templa
962 2890 1115 2960 tenentes,

225 2965 383 3031 invidiosa
398 2966 528 3031 trahunt
545 2966 678 3032 victores
695 2967 835 3052 praemia
853 2965 943 3032 Grai.

225 3051 360 3116 mittitur
376 3053 545 3138 Astyanax
561 3052 623 3116 illis
641 3053 682 3118 (18
698 3052 853 3128 turribus,
870 3052 955 3116 unde

157 3155 208 3205 415
226 3148 422 3222 pugnantem
439 3159 498 3223 pro
515 3159 549 3202 se
566 3138 773 3223 proavitaque
790 3159 890 3223 regna
906 3146 1047 3202 tuentem

227 3245 322 3308 saepe
339 3222 446 3288 videre
463 3234 586 3308 patrem
603 3234 813 3287 monstratum
830 3246 849 3285 8
866 3232 966 3287 matre
983 3222 1115 3288 solebat.

225 3307 352 3393 iamque
369 3308 454 3372 viam
471 3308 584 3373 suadet
600 3308 729 3385 boreos,
746 3308 886 3392 flatuque
904 3308 1044 3373 secundo

226 3394 359 3458 carbasa
374 3405 461 3458 mota
478 3404 602 3458 888881.
644 3393 734 3458 iubet
750 3392 797 3457 uti
814 3392 922 3457 navita
939 3394 1050 3458 ventis.

161 3506 166 3522 =
226 3477 352 3555 6Τ8818,
370 3477 455 3544 valel
473 3478 627 3563 rapimur’
646 3479 796 3555 clamant,
815 3478 893 3543 dant
909 3479 1017 3544 oscula
1033 3490 1135 3545 terrae

156 3584 208 3632 420
226 3563 383 3641 Troades,
401 3576 433 3629 et
449 3564 570 3649 patriae
587 3564 743 3627 fumantia
760 3573 844 3628 18818
860 3563 1052 3649 relinquunt.

224 3649 336 3713 ultima
353 3649 535 3715 conscendit
552 3648 700 3724 classem,
718 3647 896 3714 miserabile
914 3648 995 3725 visu,

224 3733 258 3798 in
275 3735 387 3800 mediis
404 3733 542 3799 Hecuba
557 3745 704 3798 natorum
721 3734 850 3798 inventa
867 3736 1029 3820 sepulcris.

246 3830 425 3884 rensantem
442 3819 581 3884 tumulos
598 3830 694 3902 atque
711 3818 836 3883 ossibus
853 3821 962 3885 oscula
979 3821 1106 3886 dantem

162 3927 164 3936 ¹
260 3902 394 3967 ulichiae
411 3915 536 3969 traxere
553 3926 676 3969 manus.
719 3915 826 3968 tamen
844 3905 938 3970 unius
954 3905 1060 3969 hausit

156 4006 207 4057 485
225 3987 321 4070 18888
338 3988 409 4052 8188
427 3988 547 4054 cineres
565 4012 671 4055 secum
690 3989 761 4055 tulit
778 3989 926 4055 Hectoris
944 3990 1084 4060 haustos.

225 4070 373 4139 Hectoris
389 4071 424 4139 18
440 4075 563 4141 tumulo
580 4096 695 4143 cauum
713 4075 753 4143 ds
769 4065 888 4145 vertice
905 4075 1033 4154 crinem,
