2800 4500
247 247 310 328 14'2
428 259 475 303 Φ
578 272 612 330 r.
630 261 756 333 omnn
772 266 936 331 ursours

155 417 163 431 ·
177 416 226 466 715
245 403 359 463 “‘cura
376 398 471 464 deum
488 397 521 462 di
538 396 614 474 sint,
632 407 664 462 et
681 396 738 481 qui
755 397 895 473 coluere,
912 392 1096 460 colantur.”'

286 482 443 548 Desierat.
469 493 662 567 cunctosque
676 494 709 547 et
726 504 778 548 res
792 492 824 547 et
835 490 978 545 moverat
991 491 1115 545 auctor:
1146 496 1265 550 Proreus.

243 567 369 633 Thesea
386 568 564 654 praecipue.
608 567 807 652 quemfacta
824 565 934 631 audire
951 565 1110 633 volentem
1205 586 1208 591 ·
1292 583 1296 589 ’

242 654 324 718 mira
339 653 434 719 deum
450 653 577 719 innixus
595 652 702 718 cubito
721 651 917 738 Calydonius
934 651 1050 715 Amnis

243 738 360 804 talibus
377 739 561 822 alloquitur:
580 745 683 816 ‘sunt,
701 759 722 802 o
738 737 923 815 fortissime,
940 756 1075 820 quorum

175 843 227 894 770
243 824 346 889 forma
363 826 461 891 semel
478 835 564 890 mota
582 834 630 888 est
648 824 728 890 etin
747 824 808 889 hoc
825 822 1029 890 renovamine
1045 823 1176 889 mansit:

235 919 333 986 sunt,
350 910 466 994 quibus
481 909 517 975 in
534 910 640 995 plures
656 908 708 974 ius
725 919 772 976 est
790 908 924 974 transire
940 908 1070 993 figuras,

242 995 282 1060 'ut
298 994 372 1073 tibi,
390 996 546 1081 complexi
563 1006 678 1060 terram
695 994 792 1060 maris
809 993 927 1070 incola,
943 992 1075 1058 Proteu.

245 1103 319 1145 nam
337 1080 432 1145 modo
449 1091 481 1145 te
498 1080 660 1158 iuvenem,
677 1079 773 1145 modo
791 1092 823 1146 te
840 1079 947 1145 videre
963 1079 1101 1157 leonem3
1252 1158 1257 1165 ¹

245 1187 331 1230 nunc
348 1165 505 1232 violentus
523 1189 543 1230 a
565 1189 609 1242 er,
627 1188 727 1242 nunc,
745 1186 840 1250 quem
858 1164 999 1251 tetigisse
1016 1163 1174 1244 timerent,

178 1263 227 1321 770
245 1251 358 1337 anguis
376 1273 461 1329 eras,
478 1273 530 1315 mo
554 1273 573 1315 o
590 1262 622 1316 te
639 1251 799 1316 faciebant
817 1272 936 1316 cornua
952 1260 1089 1314 taurum.

246 1359 341 1422 saepe
357 1337 438 1422 lapis
456 1349 596 1422 poteras,
614 1335 709 1401 arbor
724 1357 851 1420 quoque
869 1357 964 1422 saepe
981 1333 1097 1400 viderit

244 1422 417 1497 interdum,
434 1421 549 1488 faciem
565 1421 758 1506 liquidarum
774 1421 916 1486 imitatus
933 1442 1097 1504 aquarum,

245 1508 363 1573 flumen
381 1530 465 1573 eras:
483 1507 642 1572 interdum
659 1506 753 1573 undis
772 1506 945 1572 contrarius
962 1505 1055 1591 ignis.

245 1614 305 1659 nec
321 1592 426 1658 minus
438 1591 590 1678 Autolyci
604 1592 742 1657 coniunx
756 1591 988 1677 Erysichthone
1002 1605 1078 1656 nata
1089 1606 1268 1674 Emathion.

178 1695 228 1747 700
245 1678 322 1743 iuris
340 1677 445 1744 habet.
487 1691 578 1764 pater
594 1677 688 1742 huius
706 1694 788 1753 erat,
806 1677 861 1762 qui
878 1677 1009 1741 numina
1026 1677 1135 1742 divum

245 1774 407 1914 sperneret
424 1775 456 1829 et
472 1763 576 1828 nullos
587 1763 656 1830 ,aris
673 1763 815 1829 adoleret
832 1766 953 1832 odores.

245 1850 303 1914 ile>
315 1849 411 1914 etiam
429 1846 561 1914 Cereale
577 1871 690 1915 nemus
707 1848 842 1913 violasse
860 1849 963 1913 securi

246 1934 361 1999 dicitur
377 1945 410 2000 et
425 1935 515 1999 lucos
531 1934 616 2000 ferro
633 1944 805 2001 temerasse
821 1944 973 1999 vetustos.

248 2019 351 2085 stabat
368 2020 401 2084 in
417 2018 467 2084 his
483 2019 597 2105 ingens
614 2041 736 2086 annoso
752 2020 866 2085 robore
883 2039 1029 2103 quercus,
1088 2058 1090 2063 ,

178 2125 228 2175 700
246 2129 310 2171 una
327 2128 449 2171 nemus.
492 2106 590 2171 vittae
607 2106 746 2172 mediam
764 2126 983 2189 memoresque
1000 2105 1136 2171 tabellae

246 2202 391 2277 sertaque
409 2190 593 2279 cingebant,
611 2191 677 2257 voti
693 2203 882 2278 argumenta
899 2191 1045 2277 potentis.

246 2300 341 2364 saepe
358 2277 420 2342 sub
436 2278 497 2343 hac
513 2277 662 2362 Dryades
679 2277 778 2343 festas
796 2277 915 2343 duxere
933 2277 1079 2342 choreas:

246 2385 341 2449 saepe
359 2363 454 2427 etiam
471 2363 618 2427 manibus
635 2361 726 2428 nexis
743 2385 784 2427 ex
800 2363 910 2427 ordine
927 2362 1030 2427 trunci

246 2448 397 2514 circuiere
414 2447 559 2524 modum,
578 2469 789 2532 mensuraque
805 2448 927 2512 roboris
945 2447 1037 2512 ulnas

179 2554 229 2604 tto
246 2533 385 2617 quinque
402 2542 450 2598 ter
466 2533 627 2619 implebat.
670 2553 811 2598 necnon
828 2543 860 2598 et
877 2544 981 2598 cetera
997 2543 1085 2597 tanto

246 2619 326 2683 silva
343 2617 403 2683 sub
420 2617 481 2683 hac
486 2664 495 2694 ,
513 2618 593 2684 silva
609 2630 729 2702 quanto
746 2619 806 2683 fuit
824 2618 923 2683 herb'a
939 2618 1000 2683 sub
1016 2619 1113 2683 omni.

245 2726 309 2768 non
327 2715 434 2770 tamen
450 2702 567 2768 idcireo
585 2704 705 2769 ferrum
722 2703 890 2790 Triopeius
907 2704 961 2782 illa
1178 2779 1181 2784 ¹

245 2788 412 2865 abstinuit,
428 2788 628 2872 famulosque
644 2789 734 2855 iubet
750 2790 912 2855 succidere
929 2811 1054 2854 sacrum
1133 2800 1135 2804 '

245 2874 351 2939 robur.
395 2886 428 2940 et
443 2885 480 2939 nt
496 2875 597 2940 iussos
615 2876 757 2940 cunctari
774 2876 866 2952 vidit,
884 2875 926 2940 ab
943 2896 1007 2939 uno

178 2980 228 3030 745
247 2960 344 3025 edidit
361 2959 439 3025 haec
456 2983 492 3025 ra
515 2971 548 3025 ta
565 2962 736 3026 sceleratus
753 2961 852 3026 verba
869 2960 985 3026 securi:

247 3053 336 3110 “non
353 3046 468 3111 dilecta
485 2983 563 3111 deae
581 3046 698 3123 solum,
716 3046 774 3112 sed
791 3059 823 3112 et
838 3046 909 3132 ipsa
926 3046 1032 3112 licebit

245 3132 287 3197 sit
304 3132 377 3198 dea:
395 3131 460 3195 iam
476 3142 586 3217 tanget
602 3131 769 3197 frondente
786 3131 950 3197 cacumine
967 3131 1114 3197 terram?

246 3217 334 3282 dixit.
378 3229 411 3282 et
427 3216 572 3299 obliquos
591 3216 667 3282 dum
684 3219 783 3283 telum
801 3217 896 3282 librat
913 3218 945 3281 in
963 3216 1055 3295 ictus,

246 3302 435 3369 contremuit
451 3303 668 3387 gemitumque
686 3301 774 3367 dedit
790 3302 895 3367 Deoia
912 3324 1062 3386 quercus:

178 3409 228 3459 700
246 3399 277 3454 et
294 3388 411 3474 pariter
427 3387 570 3463 frondes,
586 3388 706 3472 pariter
721 3388 893 3473 pallescere
910 3388 1043 3473 glandes

246 3495 393 3558 coepere,
411 3495 450 3537 ac
466 3473 554 3558 longi
571 3474 724 3558 pallorem
742 3472 858 3537 ducere
875 3473 964 3538 rami.

246 3559 336 3624 cuius
354 3557 439 3623 utin
456 3568 568 3623 trunco
585 3558 661 3624 fecit
678 3581 792 3623 manus
809 3558 907 3644 impia
924 3560 1050 3638 vulnus,

245 3642 331 3707 haud
350 3643 441 3708 aliter
456 3643 548 3709 fluxit
564 3643 706 3709 discusso
723 3644 839 3708 cortice
856 3644 996 3746 sanguis,

171 3743 177 3764 ¹
246 3749 342 3811 quam
360 3729 453 3804 solet,
470 3739 543 3793 ante
561 3750 631 3793 aras
648 3729 761 3813 ingens
777 3728 833 3793 ubi
850 3729 979 3794 vietrma
995 3742 1106 3796 taurus

179 3833 228 3882 ⁷55
247 3812 396 3889 concidit,
415 3812 549 3900 abrupta
566 3834 659 3879 cruor
676 3836 693 3878 0
712 3814 834 3881 cervice
851 3815 1011 3900 profundi.

247 3898 427 3982 obstipuere
444 3919 568 3975 omnes,
585 3899 762 3984 aliquisque
779 3922 820 3964 ex
837 3900 983 3966 omnibus
1001 3901 1097 3966 audet
1186 3915 1188 3918 ’

247 3982 404 4047 deterrere
419 3982 511 4047 nefas
528 4006 719 4069 saevamque
736 3984 878 4051 inhibere
895 3985 1075 4072 bipennem.

247 4066 359 4164 aspicit
375 4067 470 4145 hunc,
488 4070 715 4158 “mentis’'que
734 4071 831 4162 “piae
848 4094 926 4159 cape
943 4071 1123 4161 praemial”
1141 4072 1222 4144 dixit
