2800 4500
258 238 320 306 182
588 250 621 307 Ρ.
641 251 766 310 OVIDII
782 249 945 310 NASONIS

253 375 360 442 flebile
376 374 482 442 neseio
501 374 578 459 quid
595 376 739 460 queritur
755 376 839 460 lyra,
855 374 960 441 flebile
976 372 1087 461 lingua

253 474 430 527 murmurat
447 461 616 539 exanimis,
634 463 827 546 respondent
843 460 947 527 flebile
963 459 1061 546 ripae.

252 547 381 630 iamque
398 570 485 613 mare
501 547 646 613 invectae
663 548 782 612 flumen
801 547 953 631 populare
969 544 1153 629 relinquunt

203 653 236 701 55
254 644 286 696 et
303 632 550 717 Methymnaeae
567 632 732 718 potiuntur
747 632 838 697 litore
857 630 967 695 Lesbi.

254 717 306 783 hic
323 717 409 783 ferus
426 718 605 803 expositum
622 717 799 819 peregrinis
818 717 931 802 anguis
949 715 1075 782 harenis

254 823 289 868 os
306 803 386 888 petit
402 814 435 869 et
452 826 578 889 sparsos
596 803 727 890 spllanti
743 823 813 868 rore
832 801 973 887 capillos.

253 888 382 954 tendun
398 887 551 954 Phoebus
568 888 660 954 adest
676 908 864 971 morsusque
880 886 997 952 inferre
1014 897 1179 973 parantem

254 984 354 1051 arcet,
373 983 404 1039 et
421 972 455 1039 in
471 973 610 1062 lapidem
627 973 725 1040 rictus
743 971 896 1058 serpentis
914 983 1039 1058 apertos

205 1077 238 1125 60
255 1060 402 1145 congelat
418 1069 450 1124 et
466 1059 607 1145 patulos,
625 1071 662 1123 ut
678 1068 783 1136 erant,
801 1058 930 1124 indurat
946 1058 1061 1123 hiatus.

253 1145 368 1209 umbra
385 1144 471 1210 subit
487 1155 602 1222 terras,
620 1155 752 1227 atquae
769 1145 840 1209 loca
857 1143 980 1209 viderat
996 1155 1080 1223 ante,

255 1241 370 1296 cuneta
385 1229 596 1316 recognoscit:
614 1250 833 1315 quaerensque
850 1252 908 1315 per
925 1251 1001 1295 arva
1017 1230 1143 1316 piorum

253 1314 374 1382 invenit
391 1314 575 1401 Eurydicen
593 1314 781 1401 cupidisque
798 1316 998 1400 amplectitur
1014 1316 1107 1381 ulnis.

254 1399 307 1467 hic
322 1400 418 1466 modo
436 1399 612 1466 coniunctis
629 1400 807 1485 spatiantur
823 1399 970 1485 passibus
987 1401 1097 1466 ambo:

204 1503 237 1552 65
254 1508 339 1552 nunc
379 1487 598 1553 raecedentem
616 1486 769 1570 sequitur,
786 1506 873 1551 nunc
889 1486 1038 1571 praevius
1056 1487 1163 1566 anteit,

254 1571 345 1657 Eury
368 1572 501 1656 ’cenque
518 1594 609 1637 suam
625 1570 690 1645 iam
707 1582 777 1637 tuto
793 1570 922 1657 respicit
939 1569 1101 1658 Orpheus.

295 1657 328 1721 N
329 1679 370 1722 on
387 1658 516 1743 impune
533 1668 640 1724 tamen
656 1657 760 1722 scelus
778 1656 838 1722 hcc
856 1656 930 1722 sinit
947 1679 1017 1723 esse
1034 1657 1180 1743 Lyaeus:
1198 1657 1278 1721 (Βαο-

253 1742 433 1827 amissoque
450 1742 561 1809 dolens
578 1764 739 1808 sacrorum
757 1753 829 1808 vate
847 1765 976 1807 suorum
1198 1726 1279 1793 dm)

253 1827 397 1914 protinus
414 1828 448 1893 in
464 1828 552 1894 silvis
569 1839 686 1895 matres
704 1827 868 1893 Edonidas
885 1850 1005 1908 omnes,

204 1933 237 1982 so
254 1935 337 1998 quae
354 1913 462 1979 videre
479 1913 584 1990 nefas,
602 1924 685 1979 torta
701 1913 809 1980 radice
825 1913 946 1999 ligarit

254 1999 372 2085 quippe
387 1999 506 2085 pedum
524 1999 654 2085 digitos,
670 1999 705 2064 in
723 2010 878 2084 quantum
895 2010 944 2065 est
960 2021 1107 2085 quaeque
1124 2012 1244 2080 secuta,

219 2096 229 2115 ⁸
253 2085 364 2163 traxit,
382 2096 414 2151 et
430 2085 464 2150 in
481 2084 614 2150 solidam
632 2085 765 2151 detrusit
783 2083 931 2150 acumina
947 2096 1073 2150 terram.

253 2180 352 2255 utque
370 2193 463 2236 suum
480 2170 617 2255 laqueis,
635 2191 716 2256 quos
733 2170 866 2236 callidus
884 2170 1006 2235 abdidit
1022 2193 1150 2261 auceps,

254 2278 327 2323 crus
344 2256 400 2321 ubi
417 2257 574 2323 commisit
589 2257 742 2335 volucris,
760 2256 920 2341 sensitque
937 2256 1048 2334 teneri,

203 2359 236 2408 75
253 2342 415 2428 plangitur
432 2364 470 2407 ac
487 2343 647 2428 trepidans
664 2342 811 2428 astringit
826 2341 954 2408 macula
969 2353 1073 2408 motu:

254 2427 315 2505 sic,
332 2437 368 2493 ut
385 2449 530 2512 quaeque
547 2428 616 2494 solo
633 2428 739 2493 defixa
757 2427 940 2493 cohaeserat
956 2427 1079 2506 harum,

253 2522 418 2579 externata
433 2513 545 2600 fugam
561 2512 680 2579 frustra
696 2512 886 2600 temptabat3
904 2513 1040 2579 atillam

252 2598 339 2663 lenta
356 2609 442 2664 tenet
457 2598 548 2664 radix
565 2599 824 2683 exultantemque
841 2610 976 2666 coercet.

254 2683 405 2767 dumque,
422 2683 479 2749 ubi
492 2684 555 2748 sint
568 2684 669 2771 digiti,
686 2684 774 2762 dum,
792 2706 848 2770 pes
860 2684 927 2764 ubi,
945 2684 1077 2770 quaerit,
1096 2697 1128 2752 et
1142 2709 1277 2773 ungues,

203 2785 237 2835 80
255 2768 368 2856 aspicit
383 2770 417 2834 in
434 2779 549 2836 teretes
565 2770 690 2855 lignum
707 2770 877 2836 succedere
894 2793 995 2838 suras.

253 2865 286 2921 et
302 2865 417 2920 conata
432 2855 538 2921 femur
553 2856 706 2922 maerenti
722 2855 875 2942 plangere
889 2857 1012 2934 dextra,

251 2941 368 3007 robora
384 2941 552 3026 percussit:
569 2951 680 3026 pectus
697 2962 825 3026 quoque
841 2941 956 3007 robora
972 2942 1068 3008 fiuntc

252 3027 368 3091 robora
385 3038 459 3091 sunt
476 3026 592 3092 umeri:
613 3039 822 3113 porrectaque
840 3028 989 3092 bracchia
1005 3047 1097 3092 veros

252 3134 322 3177 esse
338 3122 431 3198 putes
448 3133 568 3189 ramos,
586 3123 618 3177 et
633 3134 698 3177 non
715 3112 826 3177 fallare
842 3113 995 3198 putando.

185 3207 187 3211 ’
202 3215 235 3265 85
294 3196 364 3263 Nec
380 3196 457 3262 satis
475 3197 536 3263 hoc
552 3196 683 3263 Baccho
699 3208 757 3262 est.
802 3197 886 3282 ipsos
904 3219 1031 3281 quoque
1048 3198 1165 3264 deserit
1181 3221 1277 3283 agros

252 3303 389 3367 cumque
406 3280 503 3348 choro
520 3282 650 3349 meliore
667 3282 718 3347 sui
734 3282 841 3347 vineta
857 3282 974 3348 Timoli
1164 3284 1275 3351 [Midas.

251 3368 470 3452 Pactolonque
487 3368 567 3454 petit
572 3392 581 3446 ;
600 3367 746 3452 quamvis
762 3388 827 3432 non
845 3389 960 3433 aureus
977 3368 1033 3433 illo

251 3465 393 3541 tempore
411 3475 470 3520 nec
487 3453 568 3518 caris
585 3464 653 3519 erat
669 3452 845 3517 invidiosus
863 3451 998 3519 harenis.

251 3538 338 3604 hunc
354 3549 480 3604 assueta
497 3538 610 3603 cohors
629 3536 736 3623 Satyri
753 3536 964 3624 Bacchaeque
981 3539 1195 3623 frequentant.

186 3629 235 3691 vso
252 3635 285 3688 at
303 3623 431 3690 Silenus
449 3625 548 3690 abest.
592 3623 781 3689 titubantem
799 3623 953 3708 annisque
970 3645 1121 3709 meroque

251 3708 407 3775 ruricolae
424 3732 536 3795 cepere
553 3709 714 3795 Phryges,
732 3708 938 3793 vinctumque
956 3711 1079 3775 coronis

252 3794 294 3858 ad
311 3816 420 3880 regem
438 3795 557 3860 duxere
574 3794 705 3871 Midan,
722 3794 774 3859 cui
791 3795 947 3861 Tlnacius
966 3793 1117 3882 Orpheus

251 3878 342 3979 orgia
358 3878 530 3945 tradiderat
547 3902 620 3945 eum
638 3877 795 3965 Cecropio
812 3879 982 3968 Eumolpo.

250 3985 307 4047 qu1
324 3964 417 4028 simul
435 3964 565 4050 agnovit
582 3964 704 4030 socium
721 3965 932 4049 comitemque
949 3988 1122 4046 sacrorum,

201 4067 233 4119 95
251 4048 383 4136 hospitis
400 4049 539 4116 adventu
556 4050 673 4119 festum
690 4049 857 4137 genialiter
873 4052 939 4138 egit
