2800 4500
209 235 271 313 188
406 246 408 251 ’
524 246 576 311 r.
595 250 719 313 ovmn
736 250 899 310 uasours

206 382 347 450 nascitur
363 404 381 447 e
396 379 530 446 Phoebo
548 376 700 462 (namque
718 387 767 443 est
782 376 877 442 enixa
892 372 1060 462 gemellos)

208 468 347 535 carmine
365 465 467 531 vocali
484 465 587 530 clarus
605 464 788 546 citharaque
805 460 1017 527 Philammon.

207 554 285 639 quid
301 552 461 640 peperisse
478 550 559 616 duos
576 560 609 616 et
625 549 673 615 dis
690 547 847 635 placuisse
864 545 1000 616 duobus·

209 651 241 706 et
257 639 332 704 forti
348 636 490 725 genitore
508 647 540 701 et
557 634 758 722 progenitore
775 633 921 699 Tonante
1153 688 1157 697 ,

141 745 192 794 tao
209 747 278 791 esse
294 733 396 790 satam
413 721 561 809 prodest?
586 743 627 785 an
645 719 736 784 obest
753 739 880 803 quoque
896 715 998 818 gloria
1014 714 1140 780 multis?

208 809 311 876 obfuit
326 808 401 873 huic
418 818 516 874 certe:
534 827 617 890 quae
634 828 669 871 se
686 805 846 891 praeferre
862 803 988 868 Dianae

208 894 358 961 sustinuit
373 893 551 976 faciemque
562 891 647 957 deae
664 890 814 976 culpavit.
857 887 952 954 atilli

207 981 256 1046 ira
272 980 363 1046 ferox
379 989 467 1043 mota
483 988 545 1054 est,
562 975 768 1060 “factis'’que
785 972 1031 1061 “placebimus’'
1049 970 1162 1056 inquit.

56 1123 59 1127 .
209 1087 269 1132 nec
285 1086 388 1129 mora:
407 1062 551 1130 curvavit
568 1083 666 1127 cornu
682 1082 845 1144 nervoque
862 1059 1011 1145 sagittam
1243 1078 1246 1080 ·

142 1171 192 1222 355
209 1151 348 1237 impulit,
367 1161 399 1216 et
414 1148 559 1214 meritam
575 1146 698 1214 traiecit
715 1146 891 1211 harundine
908 1145 1061 1230 lingnam.

207 1239 319 1322 lingna
335 1245 432 1313 tacet,
449 1256 509 1300 nec
525 1255 589 1298 vox
605 1243 821 1318 temptataque
839 1230 937 1296 verba
954 1238 1142 1313 sequuntura

210 1332 440 1401 conantemque
455 1318 545 1403 loqui
561 1341 634 1384 cum
652 1317 807 1403 sanguine
823 1316 889 1381 vita
904 1315 1041 1398 reliquit.

210 1424 274 1487 quo
291 1405 387 1468 miser
403 1405 568 1488 amplexus
585 1427 645 1503 ego
663 1415 731 1468 tum
742 1401 909 1502 patrisque
928 1402 1068 1467 dolorem
1157 1477 1182 1486 ,Α

189 1557 190 1560 ,
210 1486 306 1552 corde
326 1487 386 1552 tuli
414 1485 567 1570 fratrique
583 1507 638 1572 pro
655 1486 773 1552 solacia
791 1484 869 1551 dixi!

143 1590 194 1641 830
211 1594 293 1657 quae
310 1580 400 1657 pater
415 1569 503 1636 haud
520 1570 620 1648 aliter,
637 1590 735 1655 quarn
753 1581 861 1637 cautes
878 1593 1041 1635 murmura
1057 1570 1156 1658 ponti,

210 1655 326 1744 accipit
342 1667 375 1723 et
390 1666 498 1721 natam
517 1656 748 1721 delamentatur
765 1656 955 1742 ademptam.

210 1752 247 1807 ut
263 1763 339 1807 vero
356 1742 520 1808 ardentem
536 1741 630 1818 vidit,
647 1752 761 1825 quater
776 1741 913 1827 impetus
929 1740 975 1805 illi

210 1826 244 1892 in
261 1826 382 1893 medios
399 1826 461 1892 fuit
476 1826 522 1892 ire
538 1847 648 1913 rogos:
666 1839 780 1910 quater
795 1827 869 1892 inde
886 1828 1032 1912 repulsus

211 1913 334 1978 concita
350 1912 493 1977 membra
509 1911 606 1998 fugae
622 1912 754 1976 mandat
770 1911 944 1996 similisque
960 1911 1104 1990 iuvenco,
1160 1919 1162 1923 '

143 2016 193 2067 555
212 1997 334 2084 spicula
350 1998 541 2063 crabronum
556 2019 667 2085 pressa
684 1997 806 2063 cervice
823 1997 956 2099 gerenti,

211 2083 344 2168 quasia
360 2083 463 2160 nulla,
480 2083 553 2148 ruit.
596 2082 661 2147 iam
678 2094 748 2148 tum
764 2083 842 2148 mihr
859 2105 985 2149 currere
1002 2082 1089 2148 visus

210 2168 1115 2341 lllalfflglillalillixlilehlllllllipum

550 2302 560 2332 9

211 2308 328 2406 vertice
345 2340 481 2405 Parnasi
498 2341 626 2425 potitur.
669 2340 838 2405 miseratus
855 2341 985 2426 Apollo,

143 2446 195 2497 tto
213 2448 285 2490 cum
303 2447 337 2491 se
353 2425 534 2491 Daedalion
552 2447 629 2490 saxo
646 2425 783 2490 misisset
801 2425 842 2490 ab
860 2426 933 2501 alto,

211 2511 286 2576 fecit
305 2532 396 2576 avem
414 2523 446 2577 et
463 2510 576 2575 subitis
593 2510 784 2595 pendentem
801 2510 928 2575 sustulit
945 2511 1014 2587 alis,

212 2617 330 2679 oraque
348 2596 472 2660 adunca
489 2595 591 2673 dedit,
609 2617 723 2660 curvos
741 2595 828 2661 dedit
845 2595 1006 2697 unguibus
1024 2594 1144 2674 hamos,

103 2705 104 2710 ¹
212 2682 362 2747 virtutem
379 2682 557 2764 antiquam,
575 2681 711 2746 maiores
729 2702 860 2767 corpore
877 2703 970 2747 vues.

213 2779 245 2833 et
261 2788 348 2831 nunc
365 2767 526 2852 accipiter,
542 2767 622 2831 nulli
640 2766 717 2831 satis
734 2789 870 2852 aequus,
888 2767 921 2831 in
938 2788 1049 2833 omnes

145 2873 195 2922 345
213 2853 312 2918 saevit
329 2875 419 2930 aves,
437 2851 570 2936 aliisque
587 2852 699 2918 dolens
715 2852 752 2916 fit
769 2874 866 2918 causa
883 2852 1031 2917 dolendi!

255 2937 349 3020 Quae
367 2938 443 3002 dum
460 2936 614 3003 Lucifero
653 2937 758 3003 cuitus
774 2938 927 3004 miracula
942 2948 1049 3002 narrat
1108 2937 1236 2990 Palenses

212 3024 252 3090 de
270 3035 414 3089 consorte
431 3044 499 3098 suo,
517 3044 613 3088 cursu
629 2959 763 3088 lestinus
780 3024 894 3089 anhelo
1128 3006 1214 3074 ‘uim

213 3109 340 3174 advolat
357 3108 489 3173 armenti
508 3120 613 3173 custos
629 3106 778 3173 Phoceus
795 3109 919 3175 Anetor

190 3219 192 3226 ‘
212 3205 245 3261 et
262 3193 391 3271 ‘Peleu‚
409 3191 524 3259 Peleu!
543 3216 678 3279 magnae
696 3194 754 3258 tibi
770 3194 900 3259 nuntius
918 3194 1030 3258 adsum

145 3298 195 3349 550
213 3279 324 3345 cladis'
343 3279 396 3344 ait.
440 3279 662 3364 quodcumque
680 3278 776 3356 ferat,
793 3279 882 3344 iubet
899 3280 992 3346 edere
1009 3277 1136 3344 Peleus.
1248 3291 1250 3294 ’

212 3365 330 3466 pendet
347 3376 379 3430 et
395 3365 464 3450 ipse
480 3375 568 3445 metu
585 3363 700 3449 trepidi
717 3364 906 3429 Trachinius
924 3365 996 3429 oris.

212 3451 265 3516 1110
282 3449 393 3516 refert:
412 3450 527 3514 ‘fessos
545 3450 587 3514 ad
603 3449 696 3514 litora
713 3471 811 3514 curva
827 3450 977 3516 iuvencos

213 3535 412 3621 appuleram,
429 3534 534 3601 medio
552 3556 625 3600 oum
645 3533 702 3601 Sol
720 3535 890 3600 altissimus
908 3535 985 3601 orbe

212 3632 334 3685 tantum
351 3620 537 3706 respiceret,
555 3630 710 3703 quantum
728 3642 765 3683 su
789 3643 892 3687 cresse
910 3621 1041 3687 videret.

145 3726 194 3776 555
235 3726 349 3788 arsque
366 3705 464 3769 boum
481 3706 577 3770 fulvis
594 3727 700 3789 genua
716 3642 883 3771 inchoarat
898 3706 1024 3771 harenis

211 3727 411 3872 latarumque
428 3791 534 3856 iacens
552 3797 681 3876 campos
699 3791 863 3876 spectabat
879 3813 1044 3875 aquarum,

213 3896 287 3961 pars
304 3875 457 3958 gradibus
475 3875 573 3940 tardis
590 3875 666 3940 illuc
683 3876 810 3940 errabat
826 3890 858 3942 et
874 3876 959 3951 illuc,

213 3969 291 4023 nant
310 3958 362 4022 alii
380 3960 527 4042 celsoque
546 3971 654 4025 extant
672 3982 768 4045 super
785 3984 924 4046 aequora
941 3962 1031 4027 collo.

213 4043 332 4132 templa
349 4043 429 4110 mari
446 4044 581 4111 subsunt
598 4067 658 4114 neo
674 4068 831 4114 marmore
850 4048 935 4115 clara
951 4068 1054 4135 neque
1072 4069 1162 4128 auro,
1246 4057 1253 4082 ’
