2800 4500
216 231 278 299 186
548 243 581 301 Ρ.
602 240 726 302 OVIDII
743 239 906 301 NASONIS

212 367 304 434 iussit
321 376 353 434 et
370 365 535 453 amplexus
551 367 585 433 in
602 366 733 454 virginis
750 366 796 432 ire
813 366 965 432 marinae.

215 465 263 519 est
280 454 368 518 sinus
385 453 584 520 Haemoniae
601 474 715 518 curvos
732 452 867 518 falcatus
884 453 918 517 in
935 473 1027 516 arcus
1032 474 1043 531 ς

146 558 197 610 280
215 538 364 604 bracchia
380 549 583 624 procurrunt:
602 538 673 614 ubi,
690 538 717 602 si
734 537 816 604 foret
833 537 925 603 altior
941 537 1038 614 unda,

237 637 324 690 ortus
341 634 423 700 erat3
441 623 572 689 summis
589 623 755 689 inductum
772 634 819 690 est
837 644 957 706 aequor
973 620 1109 688 harenis.

213 647 288 776 litus
305 708 401 774 habet
418 708 569 787 solidum,
587 708 673 794 quod
690 730 751 773 nec
768 708 902 794 vestigia
918 718 1021 774 servet

214 818 274 862 nec
291 805 467 860 remoretur
483 795 553 871 iter,
570 815 667 859 ueoo
690 804 792 859 ertum
809 793 945 880 pendeat
963 794 1046 879 alga.

214 891 338 966 myrtea
355 879 435 944 silva
452 878 575 955 subest,
593 816 785 944 bicoldrihus
802 879 906 944 obsita
921 878 1019 944 bacis.

146 985 196 1036 235
214 977 262 1032 est
279 986 392 1051 specus
409 964 443 1029 in
459 964 579 1042 medio;
596 975 712 1029 natura
728 964 831 1030 factus
849 987 890 1029 an
906 975 983 1040 arte,

214 1051 415 1136 ambiguum:
433 1049 536 1135 magis
553 1064 621 1115 erte
638 1060 755 1115 tamen.
798 1070 862 1134 quo
880 1071 974 1199 saepe
992 1049 1101 1114 venire

214 1137 338 1202 frenato
356 1134 504 1221 delphine
521 1134 650 1213 sedens,
668 1134 779 1212 Theti,
796 1135 883 1200 nuda
900 1157 936 1201 so
948 1135 1034 1200 ebes.

214 1222 278 1288 illic
295 1232 327 1287 te
343 1221 475 1297 Peleus,
492 1231 528 1284 ut
546 1241 656 1285 somno
673 1219 759 1285 victa
775 1219 913 1295 iacebas,

215 1311 350 1393 occupat
367 1317 413 1383 et,
430 1305 580 1389 quoniam
596 1306 745 1391 precibus
761 1315 916 1391 temptata
931 1327 1101 1406 repugnas,

147 1410 198 1465 240
215 1393 280 1458 vim
297 1402 402 1478 parat,
419 1391 582 1456 innectens
600 1391 756 1457 ambobus
773 1393 854 1456 colla
870 1391 1005 1457 lacertis.

214 1476 378 1562 quodnisi
396 1477 550 1552 venisses,
568 1476 696 1541 variatis
714 1498 809 1562 saepe
826 1476 947 1562 figuris,

215 1564 258 1629 ad
275 1563 381 1627 solitas
399 1572 497 1637 artes,
514 1582 592 1626 auso
609 1560 692 1626 foret
709 1561 762 1628 ille
779 1561 907 1648 potitus.

215 1649 272 1715 sed
289 1647 384 1712 modo
401 1658 437 1711 tu
455 1646 606 1712 volucris:
623 1647 785 1712 volucrem
802 1658 909 1712 tamen
925 1646 978 1712 ille
994 1648 1136 1725 tenebat,

215 1755 301 1800 nunc
318 1732 425 1819 gravis
442 1732 536 1797 arbor
554 1754 640 1798 cras:
658 1731 810 1798 haerebat
825 1733 859 1797 in
877 1733 989 1798 arbore
1005 1733 1131 1799 Peleus·

148 1837 198 1889 245
216 1819 308 1885 tertia
325 1818 428 1883 forma
444 1816 506 1882 fuit
523 1819 704 1884 maculosae
721 1816 860 1903 tigridius
877 1817 932 1883 illa

216 1904 343 1970 territus
361 1902 520 1968 Aeacides
538 1927 558 1967 a
574 1924 706 1989 corpore
723 1902 872 1970 bracchia
888 1903 992 1969 solvit.

215 1990 307 2076 isque
324 1989 400 2055 deos
417 1988 524 2075 pelagi
541 1988 615 2054 vino
632 2012 729 2076 super
745 2010 884 2073 aequora
900 1989 972 2054 fuso

216 2085 249 2142 et
264 2074 389 2162 peeoris
405 2073 494 2139 fibris
511 2085 544 2139 et
560 2074 649 2140 fumo
666 2074 746 2140 turis
763 2077 887 2140 adorat:

217 2161 318 2227 donec
335 2157 527 2246 Carpathius
544 2160 649 2225 medio
666 2160 707 2226 de
724 2160 850 2247 gurgite
868 2171 956 2226 vates

149 2266 200 2317 250
219 2245 396 2324 ‘Aeacide’
416 2245 495 2311 dixit
513 2243 673 2312 ‘thalamis
689 2246 810 2332 potiere
826 2245 943 2332 petitis.

217 2344 252 2397 tu
268 2332 378 2409 modo,
395 2353 469 2397 cum
489 2331 593 2415 rigido
610 2332 715 2417 sopita
731 2331 872 2416 quiescet
888 2332 921 2396 in
939 2341 1039 2407 antro,

217 2419 362 2504 ignaram
377 2415 500 2501 laqueis
516 2416 685 2500 vincloque
701 2417 827 2483 innecte
843 2417 957 2483 tenaci.

217 2525 278 2568 nec
294 2513 326 2568 te
343 2501 481 2587 decipiat
497 2512 625 2567 centum
640 2503 774 2567 mentita
790 2503 919 2588 figuras,

218 2589 275 2654 sed
291 2609 413 2673 preme,
431 2585 582 2671 quicquid
599 2586 669 2664 erit,
686 2587 774 2664 dum,
791 2588 877 2671 quod
894 2587 1056 2664 fultense,
1072 2585 1240 2653 reformet?

150 2691 200 2741 250
218 2674 342 2738 dixerat
357 2671 437 2737 hacc
453 2670 590 2737 Proteus
608 2683 640 2737 et
656 2673 796 2738 condidit
813 2695 950 2758 aequore
967 2673 1092 2737 vultum

219 2757 408 2842 admisitque
426 2777 500 2822 suos
517 2756 550 2822 in
568 2759 666 2823 verba
682 2758 855 2823 novissima
870 2759 995 2824 fluctus.

241 2865 337 2908 ronus
355 2852 422 2908 erat
438 2842 535 2908 Titan
553 2842 767 2928 inclinatoque
784 2845 912 2910 tenebat

254 2927 412 3015 esperium
428 2939 554 2993 temone
570 2928 701 3005 fretum,
721 2951 794 2994 cum
810 2930 921 3016 pulcra
936 2928 1046 2994 relicto

218 3014 331 3080 Nereis
348 3013 526 3098 ingreditur
542 3025 692 3080 consueta
711 3015 828 3080 cubilia
843 3026 951 3101 ponto.

151 3117 202 3169 260
220 3100 274 3165 vix
291 3099 372 3165 bene
390 3098 549 3184 virgineos
566 3098 684 3165 Peleus
701 3099 862 3166 invaserat
878 3111 978 3164 artus:

218 3186 273 3250 illa
290 3194 386 3258 novat
403 3184 536 3261 formas,
554 3185 656 3250 donec
673 3207 732 3250 sua
749 3186 892 3251 membra
908 3184 1009 3250 teneri

134 3269 138 3276 ’
219 3270 327 3347 sentit,
347 3281 377 3336 et
394 3269 427 3334 in
444 3280 550 3370 partes
568 3270 709 3335 diversas
726 3270 874 3336 bracchia
890 3270 987 3335 tendi.

218 3366 287 3420 tum
304 3355 432 3420 demum
449 3355 614 3440 ingemuit.
657 3356 789 3439 ‘neque'
808 3357 853 3420 ait
869 3356 952 3421 ‘sine
969 3355 1100 3421 numine
1117 3354 1242 3435 vincis’,

219 3441 360 3506 exhibita
377 3452 487 3524 estque
504 3440 625 3506 Thetis.
669 3441 848 3506 confessam
865 3464 916 3505 am
940 3441 1065 3507 lectitur
1081 3441 1175 3506 heros

152 3543 201 3594 265
220 3538 252 3591 et
269 3525 388 3611 potitur
404 3526 485 3591 votis
501 3525 534 3589 in
558 3525 686 3611 entique
702 3525 813 3613 implet
830 3526 913 3590 Ach‘
939 3549 967 3592 e.

261 3610 355 3676 Felix
372 3620 404 3676 et
420 3622 510 3687 nato,
527 3548 604 3676 ξω
620 3622 653 3677 et
669 3610 806 3697 coniuge
822 3612 950 3690 Peleus,
1033 3628 1242 3697 0092qu

220 3705 252 3761 et
270 3695 335 3773 cui,
354 3695 380 3760 si
397 3696 506 3761 demas
522 3695 658 3783 iugulati
674 3696 806 3761 crimina
822 3697 935 3775 Phoci,

220 3780 327 3846 omnia
343 3781 549 3867 contigerant.
592 3781 732 3847 fraterno
750 3783 903 3868 sanguine
921 3801 1043 3849 sontem

220 3868 452 3951 expulsumque
470 3866 565 3932 domo
581 3867 685 3952 patria
700 3866 873 3933 Trachinia
889 3869 982 3933 tellus

154 3972 203 4022 270
221 3949 345 4050 accipit.
388 3951 440 4015 hic
456 3973 591 4037 regnum
609 3952 676 4019 sine
692 3953 740 4029 vi,
758 3953 826 4019 sins
843 3954 940 4019 caede
956 3953 1088 4038 regebat

220 4034 373 4102 Lucrfero
389 4036 532 4122 genitore
550 4046 637 4106 satus
653 4037 854 4126 patriumque
870 4037 1006 4107 nitorem
1121 4115 1126 4120 ,
1242 4089 1248 4097 -
