2800 4500
301 281 669 340 METAMORPHOSEON
685 282 759 338 LIB.
777 281 858 336 XIII.
877 280 1022 337 llo-206.
1114 265 1176 331 217

154 409 331 476 dissimulat
348 408 435 474 cultu
452 416 573 484 natum,
591 416 624 471 et
641 406 809 490 deceperat
828 426 949 482 omnes,
1041 410 1047 421 “

153 496 188 562 in
205 495 321 579 quibus
337 494 486 569 Aiacem,
505 503 652 578 sumptae
668 489 796 557 fallacia
812 491 919 555 vestis.

155 604 243 647 arma
261 601 322 667 ego
338 578 485 644 femineis
502 578 645 643 animum
661 587 788 642 motura
804 575 927 643 virilem
1198 592 1246 643 101

154 665 313 733 mercibus
330 664 462 730 inserui:
481 684 584 747 neque
602 661 707 728 adhuc
724 660 900 749 proiecerat
916 661 1009 727 heros

154 750 475 837 virgineoshabitus,
492 771 565 814 cum
583 770 727 834 parmam
744 746 932 831 hastamque
949 747 1068 812 tenenti

155 843 254 902 “nate
273 836 363 912 dea,”
381 835 447 899 dixi
465 833 548 899 “tibi
565 856 600 900 00
617 833 757 919 peritura
774 842 938 898 reservant

154 922 324 1009 Pergama.
368 921 445 1005 quid
464 919 591 984 dubitas
608 920 769 1003 ingentem
787 928 929 983 evertere
946 916 1095 982 Troiam?

154 1008 312 1090 iniecique
328 1028 474 1082 manum,
491 1004 670 1087 fortemque
688 1004 731 1068 ad
747 1003 843 1069 fortia
858 1003 941 1068 misi.
958 1038 1003 1050 —
1200 1024 1249 1074 110

155 1114 232 1179 ergo
250 1115 347 1178 opera
363 1092 447 1156 illius
464 1113 537 1156 mea
554 1102 636 1155 sunt.
681 1110 742 1175 ego
759 1088 924 1174 Telephon
941 1087 1034 1153 hasta

154 1189 351 1264 pugnantem
368 1176 491 1242 domui:
509 1176 630 1240 victum
647 1185 853 1258 orantemque
871 1174 978 1239 refeci.

155 1263 243 1348 quod
259 1262 392 1328 Thebae
408 1261 566 1342 cecidere,
584 1282 692 1327 meum
710 1270 768 1325 001.
810 1282 863 1325 me
880 1260 999 1325 credite
1016 1258 1158 1338 Lesbon,

154 1371 207 1416 me
224 1347 379 1413 Tenedon
397 1344 607 1432 Chrysenque
624 1358 657 1412 01
674 1343 795 1421 Cillan,
812 1345 972 1431 Apollinis
989 1346 1095 1424 urbes,

155 1445 187 1500 et
206 1433 250 1500 Sc
311 1456 344 1497 m
362 1432 497 1518 cepisse3
515 1454 587 1497 mea
605 1453 759 1497 concussa
774 1442 885 1517 putate
1200 1449 1249 1499 175

155 1523 254 1606 procu
277 1518 361 1584 uisse
379 1519 446 1583 solo
464 1515 623 1603 Lyrnesia
639 1516 766 1582 moenia
783 1517 903 1581 dextra

155 1615 253 1689 utque
271 1603 350 1668 alios
367 1614 504 1669 taceam:
523 1602 580 1686 qui
597 1624 728 1668 saevum
745 1601 878 1687 perdere
895 1612 1003 1686 posset

154 1691 311 1766 Hectora,
329 1711 444 1774 nempe
462 1689 550 1754 dedi:
568 1711 626 1774 per
642 1710 694 1753 me
711 1687 793 1752 iacet
809 1687 936 1752 inclitus
954 1686 1090 1753 Hectori

76 1809 77 1812 ¹
154 1776 216 1841 illis
234 1774 313 1841 haec
331 1775 442 1851 armis,
461 1774 577 1856 quibus
595 1784 643 1839 001
659 1773 808 1838 inventus
825 1773 980 1849 Achilles,

155 1884 244 1926 arma
260 1871 350 1946 peto:
368 1860 443 1924 vivo
460 1859 623 1933 dederam,
640 1869 713 1943 post
730 1858 797 1922 fata
813 1878 955 1943 reposco.
968 1893 1013 1904 -
1201 1878 1250 1929 180

155 1957 192 2012 ut
209 1947 299 2010 dolor
315 1945 411 2009 unius
429 1943 562 2008 Danaos
579 1942 722 2028 pervenit
741 1943 783 2006 ad
800 1963 920 2018 omnes,

154 2030 339 2112 Aulidaque
356 2028 534 2093 Euboicam
552 2027 749 2113 complerunt
765 2027 851 2092 mille
869 2026 1005 2105 carinae,

154 2125 322 2201 expectata
339 2113 408 2191 diu,
425 2113 515 2177 nulla
531 2122 587 2178 aut
603 2111 761 2178 contraria
778 2111 871 2177 classi
904 2134 906 2137 ’
1000 2126 1003 2132 “

155 2200 284 2267 flamina
301 2209 405 2277 erant3
423 2197 585 2284 duraeque
601 2197 713 2265 iubent
729 2197 975 2284 Agamemnona
991 2208 1092 2266 sortes

155 2284 346 2353 immeritam
363 2307 479 2350 saevae
495 2295 603 2350 natam
620 2293 760 2350 mactare
777 2282 914 2350 Dianae.
1202 2307 1251 2357 185

157 2374 295 2457 denegat
311 2372 371 2436 hoc
388 2371 513 2456 genitor
529 2370 674 2454 divisque
691 2368 837 2435 irascitur
853 2370 940 2455 ipsis,
1049 2430 1051 2434 .

157 2469 253 2543 atque
270 2456 304 2521 in
320 2478 396 2543 rege
414 2467 521 2522 tamen
537 2467 628 2542 pater
645 2466 702 2521 001.
747 2477 808 2542 ego
825 2456 901 2520 mite
918 2454 1058 2541 parentis

155 2542 320 2630 ingenium
337 2540 443 2608 verbis
461 2542 502 2606 ad
519 2542 648 2627 publica
665 2540 832 2606 commoda
848 2542 938 2607 verti.

84 2676 85 2679 ¹
158 2630 243 2696 hanc
259 2628 406 2713 equidem
412 2627 534 2705 (fateor,
551 2627 701 2710 fassoque
718 2627 863 2712 ignoscat
879 2626 1021 2711 Atrides)

157 2714 320 2780 difficilem
337 2715 427 2778 tenui
443 2712 504 2777 sub
521 2711 630 2796 iniquo
647 2712 753 2777 iudice
771 2733 910 2777 cansam.
1204 2733 1253 2783 100

73 2874 74 2877 1
156 2799 242 2865 hunc
259 2810 366 2863 tamen
383 2796 502 2863 utilitas
519 2798 630 2883 populi
646 2796 807 2881 fraterque
825 2796 953 2882 datique

157 2892 283 2950 summa
299 2895 407 2949 movet
423 2883 554 2967 sceptri,
571 2882 700 2947 laudem
717 2891 754 2946 ut
771 2903 845 2947 cum
862 2882 1017 2969 sanguine
1034 2892 1160 2968 pensett

156 2969 263 3034 mittor
280 2969 370 3033 etad
387 2978 536 3045 matrem,
553 2989 636 3050 quae
652 2989 718 3031 non
734 2965 905 3045 hortanda,
922 2968 979 3033 sed
996 2980 1068 3032 astu

158 3053 345 3139 decipienda
361 3054 432 3118 fuit.
476 3075 540 3136 quo
558 3053 586 3117 si
602 3051 808 3118 Telamonius
825 3053 911 3129 isset,

158 3140 237 3205 orba
253 3138 319 3203 suis
336 3150 441 3204 essent
458 3139 631 3224 etiamnum
647 3136 745 3202 lintea
761 3137 873 3203 ventis.
891 3172 936 3185 -

158 3224 267 3290 mittor
283 3234 316 3288 et
332 3223 447 3289 Hiacas
464 3224 570 3289 audax
587 3233 692 3287 orator
709 3223 751 3286 ad
768 3246 866 3299 arces,

158 3310 291 3394 visaque
308 3319 340 3383 et
356 3307 473 3373 intrata
490 3320 538 3374 est
554 3308 636 3373 altae
653 3307 733 3371 mihi
749 3306 837 3373 curia
853 3308 983 3375 Troiae:

158 3396 316 3482 plenaque
334 3394 439 3459 adhuc
456 3404 524 3458 erat
539 3394 594 3458 illa
611 3393 696 3458 viris.
740 3393 900 3459 interritus
917 3394 980 3480 egi,

158 3502 255 3565 quam
273 3479 349 3543 mihi
367 3479 533 3544 mandarat
549 3478 730 3544 communis
744 3476 882 3545 Graecia
899 3501 1038 3557 causam,

159 3587 337 3648 accusoque
354 3563 465 3628 Parim
480 3564 695 3649 praedamque
712 3566 933 3648 Helenamque
950 3587 1082 3651 reposco
1203 3587 1253 3637 100

158 3662 191 3717 01
205 3671 319 3716 moveo
336 3648 501 3713 Priamum
518 3648 711 3734 Priamoque
727 3650 894 3716 Antenora
910 3651 1064 3716 iunctum·

158 3748 193 3802 at
208 3735 303 3800 Paris
321 3745 353 3800 et
369 3733 497 3811 fratres,
515 3745 546 3800 et
563 3735 619 3819 qui
636 3757 770 3821 rapuere
787 3734 848 3800 sub
864 3735 930 3813 illo,

158 3822 213 3887 vix
230 3832 361 3886 tenuere
378 3842 552 3884 manns-
569 3820 630 3885 scis
648 3820 724 3897 hoc,
741 3820 904 3886 Menelael
922 3858 966 3869 -
982 3821 1148 3900 nefandas,

181 3907 323 3990 rimaque
340 3905 397 3970 lux
414 3903 514 3970 nostri
530 3906 636 3970 tecum
652 3905 714 3970 fuit
729 3905 784 3970 illa
800 3906 971 3991 pericli.—

156 3929 255 4094 lbnga
270 3990 388 4058 referre
405 4011 495 4055 mora
512 4001 575 4068 est,
591 4012 673 4075 quae
691 3990 886 4077 consilioque
902 4013 1063 4079 manuque
1200 4009 1252 4062 100

1101 915 1120 946 >9

158 4079 276 4147 utrhter
292 4076 355 4146 feci
372 4074 503 4165 spatiosi
520 4085 661 4165 tempore
678 4075 765 4144 belli,
