2800 4500
257 246 328 317 '258
424 260 457 313 x
616 259 650 316 a.
669 258 795 317 ovmn
811 257 975 317 11110111
1055 215 1064 232 ’

264 407 401 471 eumque
418 385 517 451 bo'um
534 383 833 450 dabitis'oaesorum
850 382 994 449 membra
1010 382 1129 469 palato,
1214 382 1217 387 ’

264 473 414 538 mandere
432 493 490 536 vos
508 481 629 536 vestros
647 470 725 535 11111
742 480 775 535 11
792 469 905 535 sentite
923 469 1061 533 colonos.

264 569 298 623 et
313 557 464 642 quoniam
482 556 561 623 deus
578 578 635 623 ora
651 565 771 631 movet,
789 576 904 638 sequar
920 575 977 620 ora
993 565 1174 620 moventem

263 643 324 708 1111
341 642 451 721 deum,
468 641 677 727 Delphosque
693 661 782 706 meos
798 640 966 726 ipsumque
982 639 1145 705 reoludam

197 747 246 796 145
265 728 394 794 aethera
410 740 443 793 11
460 739 614 813 augustae
631 726 781 792 reserabo
797 727 926 791 oraoula
942 724 1067 791 mentis.

263 835 382 900 magna
397 835 457 879 neo
474 811 609 898 ingeniis
617 811 810 897 investigata
819 810 969 897 priorum,

265 920 411 984 quaeque
428 899 484 964 diu
500 899 637 974 latuere,
654 918 779 962 sanam.
821 897 911 961 iuvat
926 896 972 960 ire
988 917 1046 981 per
1063 896 1128 961 alta

264 998 364 1062 astra3
382 985 484 1061 iuvat,
502 983 593 1048 terris
611 993 642 1048 st
660 982 753 1046 inerti
770 981 846 1047 sede
863 981 982 1057 reliota,

225 1093 227 1097 ¹
264 1069 350 1135 nube
367 1069 441 1134 vehi
457 1069 617 1151 validique
635 1067 753 1134 umeris
769 1066 915 1133 insistere
931 1066 1087 1133 Atlantisr

198 1172 247 1222 150
265 1156 472 1240 palantesque
489 1153 633 1218 homines
649 1154 769 1238 passim
787 1174 825 1217 ao
842 1152 971 1217 rationis
990 1163 1119 1237 egentes

266 1241 450 1326 despectare
465 1238 593 1324 procul,
611 1239 815 1324 trepidosque
832 1237 1018 1320 obitumque
1035 1238 1182 1305 timentes

265 1326 311 1391 sie
328 1324 486 1390 exhortari
504 1324 679 1407 seriemque
697 1324 844 1389 evolvere
861 1323 930 1388 fati.

308 1407 340 1475 Ο
382 1432 460 1475 enus
478 1410 646 1474 attonitum
686 1409 789 1474 elidae
805 1409 973 1473 formidine
990 1407 1114 1474 mortisl

265 1495 344 1580 quid
358 1432 479 1581 {tygm
497 1494 575 1579 quid
591 1431 741 1560 tenebras
758 1506 791 1560 et
807 1495 936 1560 nomina
952 1516 1037 1559 vana
1053 1493 1179 1572 timetis,

199 1598 247 1648 155
264 1580 428 1646 materiem
445 1590 569 1657 vatum,
587 1579 724 1664 falsique
740 1579 881 1665 perioula
897 1579 1027 1644 mundi?
1276 1581 1281 1591 '

266 1687 398 1752 corpora
415 1665 482 1731 1111
499 1687 596 1752 rogus
613 1665 756 1742 flamma,
774 1688 831 1731 seu
848 1665 922 1730 tabe
941 1675 1081 1731 vetustas

266 1751 444 1829 abstulerit,
461 1752 547 1815 mala
563 1772 656 1836 posse
673 1751 741 1836 pati
757 1771 822 1816 11011
838 1751 904 1815 ulla
937 1751 1065 1836 putetis.

265 1848 367 1902 morte
384 1836 645 1913 11111111111111,
664 1858 852 1921 semperque
868 1836 973 1922 priore
990 1837 1099 1902 reliota

266 1922 342 1987 sede
359 1922 450 1987 noris
468 1922 614 1987 domibus
632 1922 745 1986 vivunt
760 1921 967 2005 habitantque
984 1931 1142 2007 receptae.

199 2024 248 2073 160
265 2008 333 2091 ipse
351 2028 412 2093 ego
429 2006 519 2090 (nam
535 2007 680 2092 memini)
696 2007 828 2072 Troiani
845 2019 986 2092 tempore
1002 2006 1077 2072 belli

268 2092 462 2157 Panthoides
479 2092 673 2178 Euphorbus
692 2115 793 2170 eram,
811 2092 863 2158 eui
878 2104 1006 2177 peetore
1023 2093 1184 2175 quondam

265 2177 369 2243 haesit
384 2177 418 2242 in
436 2178 569 2243 adverso
626 2178 694 2243 avis
711 2178 804 2243 hasta
820 2178 949 2242 minoris
966 2178 1111 2244 Atridae.

266 2264 402 2350 cognovi
420 2264 572 2349 clipeum,
603 2286 700 2329 aevae
717 2264 895 2349 gestamina
910 2275 1048 2342 nostrae,

265 2372 368 2435 nuper
384 2350 542 2415 Abante'r's
562 2350 680 2434 templo
697 2350 830 2414 Iunonis
847 2349 881 2413 in
897 2350 1006 2436 Argis.

200 2451 249 2501 165
267 2434 373 2498 omnia
389 2445 563 2511 mutantur,
580 2434 658 2498 nihil
675 2434 791 2500 interit.
835 2447 919 2500 errat
936 2448 968 2500 et
983 2434 1070 2502 illino
1098 2475 1101 2480 ·

266 2519 330 2584 huo
347 2518 449 2595 venit,
467 2519 542 2584 hino
558 2518 648 2596 illua,
667 2532 699 2585 st
716 2519 873 2602 quoslibet
890 2532 1024 2606 oeeupat
1041 2533 1129 2587 artus

266 2603 410 2689 spiritus,
428 2624 510 2688 eque
527 2604 603 2669 feris
621 2604 761 2669 humana
777 2604 811 2669 in
828 2626 961 2691 corpora
977 2605 1099 2684 transit,

266 2690 362 2772 inque
379 2689 464 2754 feras
481 2700 597 2766 noster,
614 2712 674 2755 neo
690 2700 833 2776 tempore
850 2690 973 2776 deperit
989 2691 1065 2755 ullo.

267 2785 366 2858 utque
383 2774 473 2839 novis
491 2774 594 2840 facilis
611 2775 756 2861 signatur
773 2798 846 2841 cera
862 2776 983 2862 figuris,

200 2878 249 2928 110
266 2881 326 2924 nee
343 2870 451 2924 manet
466 2871 504 2925 ut
519 2860 638 2936 fuerat,
655 2859 858 2927 neoformam
868 2872 974 2927 servat
985 2861 1128 2939 eandem,

267 2944 324 3010 sed
341 2955 449 3010 tamen
465 2945 536 3031 ipsa
553 2946 663 3012 eadem
682 2957 743 3011 est:
763 2950 901 3011 animam
918 2947 963 3012 sio
980 2969 1106 3033 semper
1122 2946 1260 3013 eandem

266 3052 351 3106 esse,
368 3030 425 3096 sed
441 3030 476 3095 in
492 3031 596 3106 varias
614 3031 713 3097 doceo
729 3032 867 3132 migrare
883 3032 1012 3118 figuras.
1114 3042 1117 3048 '

267 3137 359 3201 ergo,
377 3137 418 3180 111
435 3115 537 3201 pietas
552 3116 595 3180 sit
611 3117 696 3181 vieta
713 3117 860 3202 ouprrline
877 3117 1005 3193 ventris,

229 3226 234 3232 ·
266 3201 401 3286 parcite,
419 3201 584 3278 vaticinor,
601 3212 754 3286 eognatas
771 3201 868 3267 caede
885 3202 1024 3267 nefanda

199 3303 248 3353 1⁷5
267 3285 435 3351 exturbare
452 3286 589 3363 animas3
606 3308 667 3351 nea
684 3287 838 3371 sanguine
856 3287 986 3372 sanguis
1004 3288 1115 3353 alatur.

267 3383 299 3436 et
316 3371 469 3454 quoniam
485 3392 603 3456 magno
620 3371 706 3436 feror
723 3393 859 3455 aequore
876 3373 1034 3457 plenaque
1051 3372 1154 3438 ventis

268 3456 339 3520 vela
357 3456 444 3520 dedi:
462 3456 541 3521 nihil
558 3466 607 3521 est
622 3467 700 3533 toto,
718 3457 805 3538 quod
822 3468 954 3542 perstet,
972 3458 1005 3521 in
1023 3458 1110 3524 orbe.

267 3552 382 3606 cuneta
398 3541 516 3618 fluunt,
534 3541 700 3624 omnisque
717 3563 838 3628 vagans
855 3541 1009 3608 formatur
1025 3545 1141 3629 imago.

197 3690 199 3696 ,
266 3625 336 3711 ipsa
353 3646 480 3710 quoque
497 3626 625 3691 assiduo
643 3626 794 3691 labuntur
810 3638 952 3713 tempora
968 3641 1057 3693 motu

200 3728 250 3779 180
267 3732 332 3774 non
349 3731 440 3775 secus
458 3732 496 3776 ao
512 3711 640 3776 flumen.
683 3733 788 3795 neque
806 3712 889 3777 enim
907 3714 1077 3780 consistere
1094 3715 1223 3792 flumen,

266 3816 327 3859 neo
344 3795 423 3860 levis
438 3795 518 3861 hora
534 3806 652 3881 potest:
671 3796 728 3860 sed
744 3807 781 3861 ut
796 3796 883 3861 unda
899 3797 1071 3884 impellitur
1087 3800 1183 3877 unda,

267 3890 462 3963 urgeturque
479 3881 591 3945 eadem
608 3880 754 3947 veniente
770 3894 927 3968 urgetque
943 3883 1094 3969 priorem:

268 3974 412 4047 tempora
429 3964 475 4028 sio
491 3965 620 4050 fugiunt
636 3967 756 4052 pariter
771 3967 950 4052 pariterque
967 3983 1144 4053 sequuntur

193 4083 196 4092 ·
270 4063 300 4111 et
317 4067 402 4111 nova
418 4060 492 4114 sunt
508 4071 642 4140 semper.
685 4074 761 4118 nam
778 4053 864 4139 quod
881 4054 942 4120 fuit
960 4067 1048 4137 ante,
1069 4057 1215 4125 relietum
1234 4069 1297 4142 est,
