2800 4500
341 283 708 344 METAMORPHOSEON
723 284 796 342 LIB.
815 285 849 346 V.
867 287 995 347 83—170.
1137 274 1178 343 77

160 407 217 475 sed
234 407 388 476 retinente
405 433 502 475 manu
518 409 654 477 moriens
672 434 689 476 e
706 422 796 498 poste
813 411 972 498 pependit.

160 495 309 560 sternitur
325 505 358 561 et
373 495 555 573 Menalcas,
573 496 704 561 Perseia
721 506 824 562 castra
840 507 978 575 secutus,

160 590 193 643 et
208 579 432 645 Nasamoniaci
448 580 587 665 Dorylas
605 580 777 646 ditissimus
795 581 874 666 agri,

160 664 248 729 dives
266 665 335 751 agri
351 664 504 750 Dorylas,
523 687 587 749 quo
604 688 668 730 non
684 668 867 751 possederat
884 667 963 732 alter
1197 687 1247 737 lto

160 749 254 813 latius
270 762 326 814 aut
342 749 472 816 totidem
491 750 620 816 tollebat
636 750 729 815 farris
747 773 885 817 acervos.

159 832 254 898 huius
270 834 304 898 in
321 834 450 919 obliquo
467 835 599 901 missum
615 836 702 901 stetit
719 836 849 922 inguine
866 837 999 902 ferrum:

159 917 264 984 letifer
279 919 333 985 ille
348 919 448 985 locus.
491 940 587 1004 quem
603 931 772 1007 postquam
789 921 928 987 vulneris
946 933 1056 987 auctor

160 1002 383 1088 singultantem
401 1004 538 1070 animam
557 1015 588 1071 et
605 1016 785 1072 versantem
802 1006 922 1072 lumina
937 1006 1018 1072 vidit

159 1088 305 1154 Bactrius
322 1090 541 1174 Halcyoneus,
560 1090 650 1167 ‘hoc,
667 1089 754 1175 quod
771 1090 901 1177 premis’
918 1090 1021 1176 inquit
1038 1092 1168 1160 ‘habeto
1197 1115 1245 1164 135

159 1172 199 1238 de
215 1184 264 1238 tot
280 1174 365 1259 agris
382 1175 504 1252 terrae,’
524 1197 701 1261 corpusque
719 1198 800 1241 exan
846 1199 864 1242 e
881 1176 1017 1262 reliquit.

157 1268 283 1342 torquet
299 1259 333 1323 in
349 1258 435 1325 hunc
451 1260 574 1325 hastam
593 1260 695 1327 calido
713 1261 754 1327 de
825 1283 900 1328 nere
917 1273 1041 1349 raptam

157 1343 242 1409 ultor
257 1343 471 1422 Abantiades,
487 1344 593 1410 media
609 1367 692 1430 quae
708 1369 785 1412 nare
802 1357 930 1433 recepta

157 1428 282 1495 cervice
298 1441 412 1494 exacta
428 1440 476 1495 est
491 1430 526 1495 in
541 1443 710 1517 partesque
728 1431 845 1498 eminet
861 1432 982 1498 ambas.

157 1513 297 1598 dumque
313 1537 443 1580 manum
459 1514 603 1581 Fortuna
618 1516 721 1594 iuvat,
740 1514 944 1602 Clytiumque
963 1516 1152 1604 Claninque,
1196 1538 1246 1590 140

157 1609 258 1664 matre
276 1610 361 1664 satos
378 1623 457 1676 una,
475 1600 600 1666 diverso
617 1601 748 1667 vulnere
765 1602 858 1667 fudit.

156 1706 230 1748 nam
249 1681 348 1770 Clytii
363 1707 422 1770 per
438 1697 608 1770 utrumque
624 1687 716 1772 gravi
732 1688 847 1752 librata
862 1688 981 1753 lacerto
1056 1743 1059 1749 ,

156 1768 298 1834 fraxinus
317 1781 388 1835 acta
404 1770 521 1836 femur:
538 1771 679 1836 iaculum
696 1769 806 1838 Clanis
824 1793 878 1837 ore
894 1773 1072 1840 momordit.

157 1854 273 1919 occidit
290 1865 322 1920 et
339 1852 484 1920 Celadon
500 1855 702 1934 Mendesium
721 1857 834 1922 occidit
851 1857 997 1935 Astreus,

155 1950 256 2004 matre
272 1937 469 2015 Palaestina,
487 1941 584 2007 dubio
601 1941 744 2026 genitore
761 1954 899 2008 creatusr

155 2023 360 2109 Aethionque
377 2046 476 2111 sagax
493 2026 652 2109 quondam
670 2038 804 2093 ventura
821 2027 938 2104 videre,

156 2118 232 2174 tunc
249 2131 308 2175 ave
325 2109 476 2196 deceptus
493 2110 588 2175 falsa:
606 2111 754 2196 regisque
771 2111 930 2177 Thoactes

156 2193 302 2281 armiger,
319 2206 351 2262 et
368 2216 460 2262 caeso
477 2195 620 2283 genitore
636 2195 764 2262 infamis
781 2196 932 2284 Agyrtes.

155 2281 227 2366 plus
244 2290 351 2346 tamen
367 2281 521 2347 exhausto
537 2293 690 2368 superest.
734 2305 872 2367 namque
890 2282 1036 2349 omnibus
1054 2307 1153 2351 unum

154 2364 332 2451 opprimere
349 2377 398 2431 est
414 2366 548 2432 animus.
591 2367 756 2433 coniurata
771 2368 912 2453 undique
929 2383 1073 2455 pugnant
1193 2393 1243 2445 160

154 2450 284 2537 agmina
299 2473 358 2538 pro
376 2473 473 2517 causa
488 2451 635 2518 meritum
652 2453 861 2540 impugnante
877 2453 1046 2538 fidemque.

153 2535 214 2601 hac
231 2557 289 2623 pro
306 2547 396 2623 parte
412 2559 503 2604 socer
518 2537 637 2603 frustra
652 2538 725 2624 pius
743 2550 775 2604 et
790 2560 875 2604 nova
892 2540 1030 2605 coniunx

153 2643 228 2704 cum
244 2621 404 2708 genetrice
421 2622 531 2688 favent
546 2622 734 2707 ululatuque
752 2623 831 2689 atria
847 2626 1016 2711 complent.

154 2707 212 2772 sed
228 2727 325 2773 sonus
342 2728 503 2771 armorum
519 2718 648 2794 superat
688 2709 865 2792 emitusque
883 2711 1063 2788 cadentum,

152 2792 353 2878 pollutosque
370 2792 469 2858 semel
486 2793 585 2858 multo
601 2794 650 2858 Be
675 2815 738 2859 ona
753 2793 892 2860 Penates
1194 2816 1242 2870 155

153 2876 308 2963 sanguine
325 2877 487 2963 perftmdit
502 2889 717 2963 renovataque
733 2880 855 2964 proelia
870 2878 991 2946 miscet.

154 2962 316 3028 circueunt
332 2985 433 3029 unum
447 2961 591 3029 Phineus
608 2974 640 3029 et
656 2963 743 3029 mille
759 2964 860 3029 secuti

152 3047 287 3114 Phinea.
331 3046 395 3114 tela
411 3048 519 3114 volant
534 3047 668 3114 hiberna
683 3049 838 3135 grandine
854 3049 948 3135 plura
1079 3113 1081 3118 ⁴

151 3142 278 3219 praeter
294 3143 464 3217 utrumque
481 3133 563 3199 latus
580 3147 768 3219 praeterque
785 3144 817 3199 et
832 3134 941 3200 lumen
958 3144 990 3200 et
1006 3157 1109 3202 aures.

152 3218 291 3304 applicat
308 3217 382 3283 hinc
399 3240 525 3285 umeros
543 3220 584 3284 ad
600 3241 737 3305 magnae
754 3242 831 3284 saxa
848 3220 1024 3297 columnae,
1192 3240 1243 3292 loo

151 3314 284 3386 tutaque
301 3313 392 3390 terga
408 3326 522 3388 gerens
540 3303 737 3388 adversaque
754 3304 787 3368 in
805 3304 934 3391 agmina
951 3327 1062 3371 versus

152 3387 285 3454 sustinet
302 3387 465 3453 instantes.
508 3388 647 3453 instabat
686 3401 752 3455 arte
771 3390 897 3455 sinistra

153 3470 316 3538 Chaonius
333 3473 493 3559 Molpeus‚
511 3473 623 3540 dextra
672 3474 823 3540 abataeus
841 3473 1010 3540 Ethemon.

151 3557 243 3643 tigris
259 3569 296 3623 ut
312 3557 428 3624 auditis
446 3558 570 3625 diversa
587 3560 669 3624 valle
687 3558 822 3625 duorum

151 3642 336 3710 extimulata
352 3643 437 3709 fame
454 3643 627 3730 mugitibus
645 3656 859 3710 armentorum
1191 3668 1240 3718 165

150 3728 264 3805 nescit,
282 3739 354 3794 utro
370 3728 475 3814 potius
491 3740 579 3806 ruat,
597 3739 737 3795 struere
754 3729 844 3795 ardet
860 3739 1010 3814 utroque:
1027 3783 1029 3786 -

124 3819 127 3824 ’
150 3813 197 3879 sic
214 3812 330 3879 dubius
347 3812 501 3890 Perseus,
518 3813 630 3879 dextra
645 3814 778 3880 laevane
795 3814 925 3891 feratur,

148 3897 282 3985 Molpea
298 3897 421 3964 traiecti
437 3899 609 3964 summovit
625 3899 756 3965 vulnere
774 3898 873 3965 cruris

149 3994 379 4068 contentusque
396 3983 476 4069 fuga
493 3994 550 4048 est.
592 4005 696 4068 neque
714 3984 799 4050 eninr
816 3984 871 4049 dat
887 3996 1012 4072 tempus
1029 3983 1204 4063 Ethemon3

147 4070 205 4140 sed
223 4069 302 4136 furit
319 4078 365 4147 et,
383 4067 514 4157 cupiens
530 4068 595 4134 alto
612 4069 687 4136 dare
705 4071 837 4137 vulnera
853 4070 945 4152 collo,
1187 4090 1238 4141 1to
