2800 4500
279 227 343 294 242
598 237 631 294 Ρ.
651 236 955 296 OVIDII‘NASONIS

278 364 365 449 moly
382 373 496 429 vocant
513 362 634 448 superi:
651 362 744 448 nigra
761 362 867 426 radice
884 371 1018 427 tenetur.

278 461 365 514 tutus
383 469 420 514 eo
437 447 627 532 monitisque
645 447 739 512 simul
757 446 945 513 caelestibus
961 447 1059 512 intrat

278 535 331 599 ille
349 534 478 599 domurn
497 530 621 611 Circes,
640 544 672 599 et
689 533 731 597 ad
748 532 898 598 insidiosa
914 543 1045 598 vocatus

210 641 260 689 005
279 621 406 705 pocula,
425 629 591 684 conantem
608 619 699 704 virga
716 618 855 684 mulcere
874 617 1003 703 capillos

278 705 415 791 reppulit
432 715 464 769 et
481 704 589 769 stricto
606 703 756 790 pavidam
774 704 926 770 deterruit
942 726 1028 769 ense.

278 791 351 856 inde
368 790 447 857 fides
465 790 657 874 dextraeque
676 790 783 855 datae:
801 789 1004 873 thalamoque
1021 799 1166 876 receptus

279 876 419 961 coniugii
435 875 543 940 dotem
561 875 716 940 sociorum
734 896 867 975 corpora
883 874 994 961 poscit.

279 961 459 1047 spargimur
475 960 603 1046 ignotae
620 959 705 1025 sucis
722 960 904 1026 mehoribus
922 960 1040 1030 herbae

211 1065 261 1116 300
279 1047 535 1132 percutimurque
553 1057 650 1131 caput
666 1068 837 1112 conversae
854 1045 985 1112 verbere
1002 1045 1121 1133 virgae,

279 1131 439 1215 verbaque
458 1132 605 1197 dicuutur
622 1131 714 1196 dictis
732 1131 889 1197 contraria
905 1132 1021 1197 verbis.

280 1232 343 1301 quo
361 1217 463 1303 magis
480 1217 535 1282 illa
551 1217 650 1293 cauit,
668 1216 771 1302 magis
787 1217 848 1282 hoc
865 1218 976 1283 tellure
993 1217 1088 1284 levati

279 1302 443 1388 erigimur,
462 1314 630 1386 saetaeque
648 1302 780 1380 cadunt,
798 1302 973 1387 bifidosque
990 1303 1139 1387 relinquit

209 1426 211 1429 ·
279 1388 360 1452 rima
400 1387 488 1465 edes,
505 1388 640 1453 redeunt
656 1386 758 1453 umeri
775 1398 806 1452 et
823 1388 966 1454 subiecta
981 1389 1105 1455 lacertis

212 1493 261 1542 300
279 1409 428 1539 bracchia
445 1483 528 1538 sunt.
571 1473 698 1539 flentem
716 1472 827 1539 flentes
844 1492 895 1538 aru
918 1473 1062 1539 lectimur
1079 1473 1140 1559 ipsi

278 1559 509 1642 haeremusque
526 1558 615 1623 ducis
633 1558 725 1623 collo.
768 1580 828 1624 nec
845 1496 943 1624 verha
960 1560 1059 1625 locuti

279 1643 345 1708 ulla
361 1642 468 1729 priora
484 1665 609 1720 sumus,
627 1664 724 1727 quam
741 1665 799 1708 nos
816 1644 963 1710 testantia
979 1656 1097 1731 gratos.

280 1751 385 1793 annua
402 1751 460 1794 uos
477 1728 542 1794 illic
558 1729 661 1794 tenuit
676 1752 779 1795 mora:
798 1730 960 1813 multaque
977 1753 1127 1816 praesens

279 1825 421 1900 tempore
438 1825 503 1881 tam
520 1813 617 1900 longo
635 1814 715 1892 vidi,
732 1814 832 1880 multa
849 1815 978 1881 auribus
996 1815 1097 1881 hausi.

212 1919 263 1967 310
279 1900 340 1965 hoc
357 1920 484 1984 quoque
502 1921 574 1965 cum
590 1900 714 1977 multis,
732 1900 818 1984 quod
835 1901 917 1965 olam
934 1901 1013 1966 mihi
1029 1901 1150 1967 rettulit
1166 1925 1231 1968 una

279 1996 429 2069 quattuor
446 2007 464 2051 e
481 1985 609 2051 famulis
626 1986 668 2051 ad
684 1985 761 2051 talia
778 2008 868 2052 sacra
884 1988 1013 2072 paratis.

280 2094 353 2137 cum
371 2071 453 2136 duce
470 2093 607 2154 namque
624 2093 695 2136 meo
715 2067 810 2138 Circe
827 2073 905 2137 dum
921 2073 989 2137 sola
1005 2083 1156 2151 moratur,

279 2157 334 2221 illa
350 2156 428 2221 mihi
445 2156 538 2223 niveo
555 2158 675 2222 factum
693 2158 733 2223 de
750 2179 906 2223 marmore
923 2159 1050 2242 signum

280 2241 416 2308 ostendit
434 2241 595 2319 iuvenale,
613 2266 728 2328 gerens
745 2243 779 2308 in
795 2242 913 2310 vertice
929 2244 1047 2330 picum,

212 2347 262 2395 313
280 2328 359 2394 aede
377 2351 467 2393 sacra
483 2329 622 2414 positum
639 2329 810 2413 multisque
826 2329 949 2416 insigne
967 2330 1101 2396 coronis.

280 2413 352 2497 quis
369 2414 453 2478 foret
470 2426 502 2478 et
519 2435 617 2496 quare
636 2435 726 2479 sacra
743 2414 901 2480 coleretur
916 2415 949 2479 in
968 2416 1056 2494 aede,

281 2520 338 2563 eur
354 2499 437 2562 hanc
453 2498 550 2564 ferret
566 2521 673 2575 avem,
690 2500 854 2582 quaerenti
872 2510 904 2564 et
921 2501 1002 2567 scire
1019 2501 1137 2566 volenti

280 2582 445 2669 “accipe''
463 2584 507 2647 ait
524 2583 717 2660 “Macareu,
736 2585 947 2669 dominaeque
964 2586 1105 2673 potentia
1122 2608 1204 2670 quae
1222 2587 1275 2666 sit,

280 2667 354 2732 hinc
372 2689 499 2752 quoque
517 2668 603 2734 disce
620 2692 725 2734 meae:
743 2681 779 2734 tu
797 2669 888 2735 dictis
906 2672 995 2737 adice
1013 2683 1161 2738 mentem.

213 2773 263 2822 aro
322 2753 420 2819 Picus
438 2753 470 2818 in
488 2754 654 2831 Ausoniis,
673 2755 777 2841 proles
795 2753 959 2833 Saturnia,
977 2758 1068 2822 terris
1195 2774 1307 2842 (Pium)

280 2862 336 2904 rex
353 2838 429 2915 fuit,
447 2838 573 2905 utilium
590 2839 674 2905 bello
692 2842 852 2907 studiosus
870 2864 1033 2926 equorum.

280 2925 383 2989 forma
400 2925 478 3001 viro,
495 2946 592 3009 quam
609 2926 726 3004 cernis,
744 2938 821 2993 erat
864 2928 938 2993 licet
954 2929 1022 3013 ipse
1040 2929 1186 2994 decorem

281 3009 430 3095 aspicias,
447 3011 584 3095 fictaque
602 3012 718 3097 probes
736 3012 778 3076 ab
795 3012 934 3099 imagine
951 3036 1069 3078 veram.

279 3117 338 3181 par
355 3094 479 3160 animus
496 3095 627 3162 formae.
670 3120 730 3161 nec
747 3097 851 3162 adhuc
869 3109 1027 3183 spectasse
1044 3122 1102 3185 per
1119 3121 1218 3166 anuos

213 3200 262 3249 300
281 3180 516 3265 quinquennem
533 3192 658 3266 poterat
675 3181 792 3249 Graios
810 3194 922 3265 quater
938 3184 1031 3251 edere
1048 3207 1200 3271 pugnam.

279 3266 333 3331 ille
351 3285 425 3331 suos
442 3265 592 3351 Dryadas
610 3266 713 3332 Latiis
731 3268 764 3331 in
782 3268 942 3333 montibus
959 3282 1044 3335 ortas
1153 3324 1156 3327 .

279 3362 417 3417 verterat
434 3352 467 3415 in
485 3352 607 3429 vultus,
625 3353 716 3417 illum
733 3352 864 3419 fontana
881 3354 1033 3439 petebant

276 3437 424 3513 numina,
442 3436 597 3513 Naiades,
615 3459 694 3521 quas
712 3437 834 3502 Albula
851 3460 994 3524 quasque
1010 3440 1149 3520 Numici,

279 3543 360 3604 quas
378 3522 512 3587 Anienis
531 3544 632 3605 aquae
650 3544 809 3605 cursuque
826 3523 1030 3591 brevissimus
1047 3528 1145 3592 Almo

212 3628 262 3676 330
280 3608 409 3690 Narque
428 3606 499 3672 tulit
515 3628 667 3693 praeceps
685 3619 718 3674 et
733 3630 852 3691 opacae
869 3609 1021 3677 Farfarus
1042 3614 1157 3688 undae,

280 3714 425 3775 quaeque
443 3692 550 3757 colunt
568 3690 737 3778 Scythicae
748 3708 896 3779 stagnum
906 3698 1065 3764 nemorale
1082 3697 1209 3766 Dianae

279 3777 492 3862 finitimosque
508 3778 607 3843 lacus.
651 3777 765 3864 spretis
782 3789 889 3844 tamen
905 3782 1052 3847 omnibus
1069 3806 1166 3847 unam

280 3860 333 3926 ille
351 3862 425 3926 colit
441 3862 617 3949 nymphen,
635 3886 732 3948 quam
750 3864 910 3947 quondam
927 3865 960 3930 iu
977 3868 1057 3933 colle
1074 3867 1179 3933 Palati

210 3980 214 3986 ·
282 3944 397 4010 dicitur
413 3946 504 4010 Ionio
521 3948 681 4033 peperisse
699 3948 827 4015 Venilia
843 3950 932 4015 Iano.

214 4047 263 4099 333
280 4027 360 4096 haec
376 4030 432 4096 ubi
449 4031 611 4103 nubilibus
628 4034 772 4124 primum·
783 4036 934 4105 maturuit
952 4037 1054 4118 anuis,
