2800 4500
313 265 682 329 METAMORPHOSEON
696 265 770 326 LIB.
789 267 827 327 11.
845 269 990 328 306-393.
1120 253 1163 324 27

143 392 249 470 tertia,
267 415 340 458 curn
358 393 477 461 crinem
492 395 640 460 manibus
656 393 776 460 laniare
792 405 928 480 pararet,

143 479 250 545 avellit
267 480 406 546 frondes.
448 480 528 547 haec
545 481 651 566 stipite
668 503 761 545 crura
777 480 887 559 teneri,

142 565 197 630 illa
214 565 299 631 dolet
314 565 382 631 fieri
399 567 511 652 longos
528 588 587 631 sua
604 566 752 630 bracchia
768 588 883 631 ramos.

143 651 283 733 dumque
300 674 340 716 ea
355 651 519 730 mirantur,
537 651 756 736 complectitur
772 650 905 736 inguina
922 661 1040 727 cortex,

142 758 262 822 perque
279 737 397 822 gradm
414 748 540 802 uterum
556 749 730 821 pectusque
747 756 937 819 umerosque
954 757 1130 820 manusque

144 822 257 897 ambit,
275 832 306 887 et
324 822 477 888 extabant
492 834 616 888 tantum
633 844 690 886 ora
706 821 853 887 vocantia
869 831 1012 887 matrem.
1180 841 1230 889 353

143 907 221 991 quid
237 906 334 972 faciat
350 919 460 984 mater,
477 907 552 984 nisi,
571 928 634 991 quo
651 906 756 971 trahat
772 907 908 992 impetus
925 906 1022 980 illam,

143 991 207 1057 hue
224 1004 275 1057 eat
293 1003 388 1075 atque
405 993 480 1059 illuc
497 1006 542 1071 et,
560 993 637 1057 dum
653 993 742 1070 licet,
760 994 869 1058 oscula
885 991 1014 1078 iungat?

143 1078 301 1143 nonsatis
319 1088 379 1156 est3
397 1078 516 1143 truncis
533 1079 668 1144 avellere
686 1099 817 1163 corpora
835 1089 968 1163 temptat

144 1176 176 1228 et
193 1174 317 1229 teneros
334 1163 482 1228 manibus
497 1185 602 1228 ramos
621 1163 790 1250 abrumpit.
833 1162 956 1227 atinde

144 1248 338 1335 sanguineae
354 1261 498 1327 manant,
514 1261 677 1332 tamquam
695 1248 736 1313 de
752 1249 897 1324 vulnere,
915 1258 1035 1334 guttae.
1183 1266 1232 1316 330

144 1341 154 1372 ⁴
159 1355 270 1420 parce,
288 1355 409 1419 precor,
427 1335 552 1412 mater’,
570 1355 790 1418 quaecumque
808 1346 856 1398 est
873 1332 993 1408 saucia,
1011 1333 1136 1410 clamat,

145 1427 254 1505 ‘parce
259 1467 269 1497 ‚
286 1419 411 1504 precorl
429 1431 572 1484 nostrum
589 1421 746 1484 laceratur
762 1419 795 1483 in
813 1418 925 1483 arbore
942 1440 1066 1502 corpus.

143 1505 272 1588 iamque
289 1505 372 1569 vale’
390 1540 434 1552 ·-
451 1516 559 1570 cortex
575 1505 608 1569 in
625 1504 724 1570 verba
739 1504 912 1569 novissima
928 1504 1024 1570 venit.

144 1590 218 1655 inde
235 1591 337 1655 fluunt
353 1590 514 1667 lacrimae,
533 1589 712 1674 stillataque
729 1590 795 1655 sole
812 1589 974 1674 rigescunt

145 1677 185 1740 de
202 1676 297 1740 ramis
315 1675 431 1740 electra
447 1675 552 1752 novis,
571 1697 652 1760 quae
669 1674 794 1740 lucidus
812 1673 914 1739 amnis
1183 1693 1231 1742 335

145 1760 262 1846 excipit
278 1771 309 1825 et
325 1761 457 1825 nuribus
472 1761 569 1826 mittit
585 1760 741 1846 gestanda
757 1759 892 1824 Latinis.

187 1845 304 1910 Adfuit
320 1845 395 1911 huic
411 1858 550 1911 monstro
568 1846 672 1946 proles
690 1844 870 1911 Stheneleia
891 1840 1031 1929 Cycnus,
1123 1859 1233 1928 033333.

145 1932 201 2016 qui
217 1930 275 1996 tibi
293 1942 435 1996 materno
453 1953 597 2014 quamvis
615 1954 634 1995 a
651 1930 806 2015 sanguine
824 1930 960 2005 iunctus,

144 2028 251 2083 mente
268 2027 387 2093 tamen,
405 2016 588 2091 Phaethon,
605 2015 734 2100 propior
751 2015 821 2079 fuit.
864 2015 917 2078 ille
934 2015 1043 2079 relicto

145 2102 234 2185 (nam
251 2100 411 2186 Ligurum
428 2102 561 2186 populos
579 2114 610 2165 et
627 2122 761 2185 magnas
778 2109 903 2166 rexerat
919 2099 1030 2184 urbes)
1184 2120 1235 2168 sto

145 2187 276 2289 imperio
294 2188 378 2273 ripas
396 2186 512 2252 virides
530 2207 720 2270 ornnemque
738 2185 873 2270 querelis

145 2273 321 2340 Endauum
339 2272 485 2358 implerat
502 2272 678 2356 silvamque
696 2271 856 2337 sororibus
874 2281 1015 2335 auctamr

145 2382 219 2423 cum
236 2380 299 2423 vox
316 2370 364 2422 est
381 2368 510 2422 tenuata
527 2358 604 2434 viro,
622 2378 784 2440 canaeque
802 2356 932 2441 capillos

146 2444 343 2508 dissimulant
360 2443 501 2527 plumae,
519 2444 699 2525 collumque
717 2465 737 2506 a
753 2452 879 2527 pectore
896 2442 991 2527 longe

145 2528 326 2616 porrigitur,
344 2528 522 2614 digitosque
539 2528 618 2613 ligat
634 2528 782 2593 iunctura
797 2526 957 2604 rubentes,

145 2637 250 2700 penna
267 2614 350 2677 latus
378 2614 474 2691 velat,
492 2624 579 2678 tenet
595 2635 631 2678 os
650 2612 717 2678 sine
735 2613 879 2678 acumine
896 2624 1043 2677 rostrum.

145 2702 181 2765 fit
197 2721 281 2762 nova
299 2696 428 2782 Cycnus
446 2699 528 2776 avis;
546 2720 606 2764 nec
623 2720 657 2762 se
676 2699 826 2781 caeloque
844 2697 978 2782 Iovique

146 2784 258 2861 credit,
275 2794 312 2848 ut
328 2783 444 2849 iniuste
461 2783 548 2848 missi
566 2805 686 2848 memor
702 2783 786 2867 ignis
803 2783 844 2848 ab
861 2782 930 2846 illo:

146 2882 259 2955 stagna
275 2868 355 3019 petit
371 2870 559 2953 patulosque
575 2869 678 2945 lacus3
695 2868 867 2953 ignemque
884 2889 1025 2953 perosus,

146 2977 227 3039 quae
245 2976 282 3019 co
295 2964 341 3030 at,
359 2954 454 3039 elegit
472 2953 628 3018 contraria
644 2953 775 3017 flumina
791 2952 935 3018 flammis.

189 3039 360 3124 Squalidus
377 3038 497 3111 interea
513 3039 638 3124 genitor
653 3037 862 3103 Phaethontis
879 3048 911 3102 et
929 3033 1054 3122 expers'

145 3123 212 3210 ipse
231 3124 279 3189 sui
297 3125 432 3200 decoris,
451 3124 552 3208 qualis
570 3146 644 3189 cum
661 3122 767 3188 deficit
783 3122 892 3187 orbem

146 3233 214 3276 esse
232 3210 326 3285 solet,
344 3209 510 3293 lucemque
528 3209 594 3273 odit
610 3229 708 3291 seque
725 3208 793 3293 ipse
811 3208 968 3290 diemque,

146 3297 263 3378 datque
280 3294 420 3358 animum
437 3294 469 3358 in
487 3295 591 3358 luctus
608 3304 640 3358 et
656 3293 794 3358 luctibus
811 3292 906 3357 adicit
923 3292 1001 3355 iram

145 3381 348 3462 officiumque
365 3391 462 3463 negat
479 3380 607 3443 munda.
652 3378 756 3443 ‘satis'
774 3377 877 3461 inquit
894 3378 948 3441 ‘ab
967 3378 1037 3442 aevi

146 3487 213 3531 sors
230 3487 302 3530 mea
319 3463 478 3563 principiis
496 3464 557 3529 fuit
573 3464 763 3546 inrequieta,
780 3463 931 3548 pigetque

145 3561 288 3616 actorum
306 3571 372 3613 srne
390 3548 452 3614 line
469 3549 561 3626 mihi,
579 3549 647 3613 sine
664 3548 783 3614 honore
800 3548 955 3612 laborum.

145 3636 277 3719 quilibet
294 3634 372 3699 alter
389 3644 464 3718 agat
481 3645 640 3720 portantes
656 3633 777 3698 lumina
794 3632 917 3697 currusl

145 3722 172 3785 si
189 3741 282 3785 nemo
300 3730 362 3795 est,
379 3740 551 3803 omnesque
569 3718 621 3784 dei
637 3740 700 3783 non
718 3740 812 3805 posse
829 3717 977 3793 fatentur,

145 3805 213 3890 ipse
230 3816 319 3891 agat,
337 3816 372 3868 ut
390 3804 516 3882 saltem,
535 3804 611 3869 dum
628 3814 752 3868 nostras
770 3812 903 3887 temptat
919 3802 1070 3880 habenas,

145 3891 294 3954 orbatura
310 3901 415 3975 patres
433 3889 602 3972 aliquando
619 3888 753 3953 fulmina
769 3899 875 3973 ponat.

145 3986 212 4039 tum
230 3974 322 4050 sciet,
339 3974 523 4059 ignipedum
541 3974 623 4039 vires
641 3985 790 4059 expertus
808 3994 972 4056 equorum,

145 4080 208 4129 non
225 4059 376 4132 meruisse
394 4081 518 4136 necem,
536 4060 671 4144 quinon
689 4059 771 4124 bene
788 4058 905 4124 rexerit
921 4057 1011 4130 illos?
