2800 4500
301 277 670 336 rmranoarnosnou
684 278 758 335 ars.
777 277 857 336 vm.
874 277 1020 335 314-333.
1111 247 1172 330 133

151 399 245 469 crinis
262 401 406 467 erat-sim
429 401 497 479 lex,
514 401 634 466 nodum
652 402 803 467 collectus
820 400 854 466 in
871 423 985 479 unum;

151 512 191 554 ex
209 508 318 552 umero
335 424 477 574 pendens
494 486 670 553 resonabat
680 488 819 552 eburnea
834 487 926 551 laevo
1190 503 1240 556 330

150 573 285 639 telorum
302 583 422 638 custos:
441 595 550 638 arcum
567 593 695 657 quoque
712 573 804 637 laeva
821 571 960 637 tenebat.

150 659 222 725 talis
239 669 307 724 erat
324 658 421 724 cultu.
464 658 576 735 facies,
594 679 690 741 quam
710 658 814 723 dicere
831 679 906 721 vere

150 743 325 831 virgIneam
342 743 376 808 in
393 765 503 830 puero,
520 743 674 829 puerilem
691 744 724 806 in
742 742 864 828 virgine
882 744 993 827 possis.

150 829 232 895 hanc
249 828 366 931 pariter
383 828 476 907 vidit,
493 829 611 914 pariter
629 825 826 913 Calydonius
843 827 936 893 heros

150 925 287 1001 optavrt,
304 926 456 982 renuente
473 915 544 992 deo,
561 913 768 997 flammasque
785 913 919 978 latentes

150 999 255 1066 hausit
271 1011 304 1066 et
321 1006 356 1064 ‘o
373 1000 465 1077 felix,
481 999 509 1065 31
526 1021 621 1083 quem
639 998 835 1085 dignabitur'
854 997 957 1082 inquit

151 1086 227 1151 ‘ista
243 1084 374 1150 viruml'
418 1108 478 1152 nec
494 1085 586 1170 plura
603 1085 676 1149 sinit
692 1095 881 1170 tempusque
898 1083 1063 1169 pudorque

151 1171 269 1237 dicerer
286 1171 388 1236 maius
406 1193 486 1257 opus
504 1169 612 1256 magui
630 1165 810 1235 certaminis
827 1180 930 1255 urget.

194 1256 284 1323 Silva
300 1257 450 1340 frequens
466 1256 625 1335 trabibus,
643 1277 741 1340 quam
757 1255 845 1321 nulla
862 1255 1019 1321 ceciderat
1036 1269 1134 1333 aetas,

150 1342 261 1428 incipit
278 1365 298 1408 a
314 1342 409 1427 plano
427 1341 611 1426 devexaque
628 1341 779 1427 prospicit
795 1363 882 1405 arva.
1190 1360 1241 1411 330

151 1449 215 1512 quo
232 1439 401 1513 postquam
418 1449 533 1492 venere
550 1426 624 1505 viri,
641 1449 716 1513 pars
733 1426 813 1492 retia
829 1427 973 1503 tendunt,

150 1513 277 1578 vincula
293 1535 368 1597 pars
386 1512 530 1577 adimunt
546 1511 693 1591 canibus,
711 1534 785 1597 pars
802 1534 913 1597 pressa
930 1523 1105 1596 sequuntur
1134 1512 1165 1541 ‘f'

151 1598 243 1685 signa
259 1598 393 1684 pedum,
411 1599 606 1684 cupiuntque
624 1620 719 1663 suum
735 1597 872 1683 reperire
889 1598 1053 1683 periclum.

151 1705 291 1750 concava
308 1684 399 1749 vallis
416 1694 498 1761 erat,
515 1705 580 1767 quo
598 1705 632 1748 se
649 1683 815 1749 demittere
832 1682 892 1748 rivi

151 1781 315 1835 assuerant
332 1769 479 1855 pluvialis
496 1791 608 1853 aquae.
651 1779 738 1834 tenet
753 1769 819 1833 ima
834 1768 968 1833 lacunae
1190 1788 1240 1838 330

149 1855 236 1922 lenta
252 1854 333 1920 salix
349 1855 506 1939 ulvaeque
522 1854 609 1920 leves
625 1852 775 1936 iuncique
792 1853 948 1938 palustres

150 1940 332 2025 viminaque
349 1950 382 2005 et
398 1941 495 2025 longa
511 1961 629 2025 parvae
646 1938 707 2003 sub
724 1938 900 2003 harundine
918 1961 1048 2005 cannae.

150 2027 225 2091 hinc
242 2047 319 2111 aper
336 2025 458 2090 excitus
474 2025 596 2090 medios
613 2023 771 2089 violentus
788 2023 823 2088 in
839 2023 946 2089 hostes

93 2126 97 2133 '
150 2112 261 2187 fertur,
278 2120 315 2173 ut
331 2110 473 2175 excussis
490 2108 558 2175 elisi
575 2108 714 2174 nubibus
730 2108 832 2195 ignes.

151 2195 301 2263 sternitur
317 2194 447 2261 incursu
463 2216 589 2272 nemus,
608 2204 641 2260 et
656 2194 809 2282 propulsa
825 2195 985 2282 fragorem

151 2283 232 2349 silva
249 2280 313 2345 dat
357 2281 535 2347 exclamant
550 2281 696 2359 iuvenes,
713 2290 940 2367 praetentaque
957 2280 1032 2347 forti

151 2368 215 2434 tela
231 2377 338 2432 tenent
357 2366 469 2432 dextra
484 2367 549 2431 lato
566 2365 725 2431 vibrantia
741 2366 836 2432 ferro.

149 2454 203 2520 ille
220 2452 284 2517 ruit
300 2452 484 2539 spargitque
500 2473 609 2528 canes,
626 2464 663 2518 ut
679 2452 814 2537 quisque
830 2451 947 2517 furenti

150 2540 269 2617 obstat,
287 2549 320 2603 et
337 2538 465 2621 obliquo
482 2538 632 2602 latrantes
650 2537 783 2623 dissipat
797 2538 873 2603 ictu.

150 2624 256 2710 cuspis
273 2622 429 2689 Echionio
445 2622 584 2709 primum
601 2634 744 2689 contorta
760 2621 878 2689 lacerto

149 2733 234 2777 vana
250 2708 325 2787 fuit,
342 2720 518 2792 muscoque
536 2709 623 2774 dedit
637 2708 709 2774 leve
726 2709 841 2773 vulnus
859 2730 984 2775 acerno.

149 2795 308 2883 proxima,
326 2793 354 2858 si
370 2793 474 2858 nimiis
491 2794 644 2859 mittentis
660 2793 781 2859 viribus
798 2816 858 2859 usa

149 2902 214 2946 non
230 2879 326 2956 foret,
343 2879 378 2945 in
394 2891 485 2965 tergo
502 2879 572 2944 visa
588 2890 637 2945 331
652 2879 789 2944 haesura
805 2878 917 2965 petito:

149 2965 275 3051 longius
291 2964 326 3030 it.
369 2975 480 3030 auctor
496 2965 549 3029 teli
565 2964 752 3049 Pagasaeus
769 2965 875 3029 Iason.

150 3050 315 3128 ‘Phoebe'
333 3049 378 3115 ait
393 3050 589 3136 Ampycides
607 3049 697 3115 ‘site
715 3049 861 3133 coluique
879 3051 1021 3135 coloque,

150 3137 192 3201 da
208 3135 286 3200 mibi
303 3135 389 3235 quod
405 3137 524 3220 petitur
539 3146 625 3200 certo
644 3136 827 3221 contingere
843 3135 936 3201 telol'

150 3243 214 3306 qua
230 3231 348 3305 potu1t‚
365 3221 511 3305 precibus
530 3220 607 3286 deus
625 3220 745 3285 adnuit
788 3221 870 3286 ictus
888 3220 929 3286 ab
946 3221 1001 3285 illo
1019 3233 1076 3301 est,

151 3306 207 3371 sed
225 3306 292 3370 sine
309 3306 450 3383 vulnere,
468 3328 558 3407 aper:
576 3306 697 3372 ferrum
714 3304 822 3371 Diana
839 3307 959 3371 volanti

150 3390 323 3456 abstulerat
338 3390 457 3468 iaculo;
473 3391 596 3477 lignum
613 3391 681 3458 sine
698 3392 844 3457 acumine
861 3393 957 3458 venit.

149 3478 197 3541 ira
213 3475 274 3541 feri
290 3486 377 3540 mota
393 3485 516 3554 est‚nec
532 3477 666 3542 fulmine
682 3476 785 3542 lenius
803 3477 892 3542 arsit:

150 3561 265 3627 emicat
281 3582 322 3625 ex
339 3560 452 3637 oculis,
470 3561 568 3646 spirat
586 3582 713 3645 quoque
730 3573 857 3647 pectore
875 3564 1012 3628 flamma.

150 3658 254 3730 utque·
266 3645 353 3711 volat
369 3645 468 3711 moles
485 3646 622 3712 adducto
639 3648 763 3713 concita
779 3670 888 3725 nervo,

150 3754 224 3797 cum
241 3731 320 3817 petit
336 3742 392 3796 aut
407 3752 515 3796 muros
532 3745 588 3797 aut
604 3733 715 3818 plenas
732 3732 831 3798 milite
848 3743 961 3811 turres,

148 3817 182 3882 in
199 3816 330 3882 iuvenes
353 3827 437 3883 certo
455 3815 501 3881 sic
516 3816 634 3903 impete
651 3817 818 3883 vulnificus
835 3840 890 3882 sus

148 3903 259 3978 fertur,
277 3914 308 3968 et
327 3900 524 3988 Hippalmon
540 3902 781 3988 Pelagonaque‚
800 3903 911 3968 dextra
928 3914 1051 3970 tuentes

149 4008 281 4065 cornua,
298 3987 474 4074 prosternit.
518 3987 596 4052 socii
611 4011 745 4074 rapuere
761 3990 910 4055 iacentes.

149 4084 183 4139 at
198 4094 262 4139 non
279 4073 418 4141 letiferos
435 4071 548 4159 effugit
565 4072 755 4141 Enaesimus
770 4073 851 4143 ictus
