2800 4500
244 246 307 313 140
578 259 612 316 Ρ.
630 256 755 317 OVIDII
771 256 934 316 NASONIS

243 406 319 472 ergo
337 383 392 450 ubi
410 384 577 451 caelicolae
594 404 710 469 parvos
727 383 858 469 tetigere
874 381 1013 449 Penates

243 470 474 555 summissoque
491 468 626 535 humiles
643 470 799 534 intrarunt
817 468 935 535 vertice
952 478 1068 554 postes,

202 549 206 555 ⁴
242 556 386 622 membra
403 578 500 622 senex
516 554 620 658 posito
637 554 729 619 iussit
745 554 886 621 relevare
902 554 1004 629 sedili,

176 661 226 712 650
243 664 307 726 quc
325 664 420 728 super
436 642 544 707 iniecrt
560 651 683 706 textum
699 639 779 704 rude
796 639 906 706 sedula
923 639 1051 706 Baucis.

242 728 316 794 inde
333 728 405 799 foco
423 727 565 812 tepidum
582 726 720 792 cinerem
737 724 870 790 dimovit
887 736 919 791 et
933 727 1024 811 ignes

243 812 375 878 suscitat
391 813 555 878 hesternos
571 811 718 895 foliisque
736 824 768 877 et
786 811 900 877 cortice
917 812 1002 876 sicco

243 898 341 964 nutrit
358 909 390 965 et
407 898 449 963 ad
465 899 609 963 flammas
626 897 733 962 anima
749 896 895 983 producit
911 895 997 974 anili,

242 983 478 1069 multifidasque
494 983 582 1049 faces
598 983 793 1067 ramaliaque
809 982 899 1048 arida
914 993 998 1048 tecto

176 1088 226 1138 665
244 1070 356 1135 detulit
374 1082 406 1134 et
421 1069 535 1134 minuit
551 1089 714 1155 parvoque
732 1069 873 1133 admovit
889 1073 979 1133 aeno.

243 1155 392 1240 quodque
410 1177 487 1219 suus
503 1154 642 1220 coniunx
658 1153 752 1240 riguo
769 1154 849 1219 colle
872 1166 940 1220 erat
955 1153 1057 1230 horto,

219 1267 221 1271 ’
243 1252 369 1306 truncat
385 1239 477 1306 holus
494 1238 589 1305 foliis.
631 1239 723 1305 furca
739 1239 825 1306 levat
841 1240 849 1255 ⁶
875 1262 893 1306 e
910 1236 1032 1305 bicorni

244 1326 372 1392 sordida
389 1338 479 1412 terga
496 1325 562 1391 suis
578 1326 670 1411 nigro
687 1324 859 1412 pendentia
875 1325 979 1410 tign0=

244 1423 434 1495 servatoque
451 1410 506 1475 din
523 1422 646 1477 resecat
662 1411 703 1476 de
721 1423 846 1497 tergore
862 1422 985 1497 partem

177 1517 227 1567 646
244 1497 408 1583 exiguam,
425 1507 608 1580 sectamque
625 1496 735 1562 domat
751 1496 947 1563 ferventibus
964 1494 1068 1562 undis.

243 1583 365 1648 interea
381 1582 502 1648 medias
518 1582 633 1648 fallunt
650 1582 849 1649 sermonibus
865 1579 960 1647 horas

240 1661 439 1746 tsentirique
456 1685 577 1728 moram
595 1666 771 1749 prohibent.
815 1676 883 1730 erat
900 1666 1008 1731 alveus
1025 1664 1090 1733 illic

240 1746 402 1833 fagineus,
420 1746 501 1812 dura
517 1748 607 1813 clavo
624 1770 796 1835 suspensus
814 1749 855 1814 ab
873 1772 964 1815 ansa:

241 1832 268 1896 is
286 1832 400 1918 tepidis
416 1832 566 1919 impletur
583 1834 673 1919 aquis
691 1844 842 1918 artusque
858 1835 1012 1902 fovendos

174 1937 222 1987 645
241 1917 363 2003 accipit.
406 1916 440 1983 in
457 1918 562 1985 medio
579 1930 667 1985 torus
684 1930 734 1985 est
753 1921 793 1985 de
810 1920 958 1989 mollibus
975 1919 1079 1986 ulvist

239 2002 406 2088 impositus
427 2002 510 2068 lecto
534 2005 657 2090 sponda
673 2005 872 2090 pedibusque
888 2006 1029 2092 salignis.

240 2088 382 2154 vestibus
399 2089 485 2155 hunc
501 2090 622 2168 velant,
640 2112 720 2175 quas
737 2112 802 2156 non
819 2091 880 2157 nisi
897 2102 1039 2178 tempore
1056 2091 1139 2157 festu

240 2184 379 2241 sternere
396 2187 594 2241 consuerant.
638 2176 694 2243 sed
713 2188 745 2242 et
761 2177 840 2243 haec
857 2177 991 2263 vilisque
1008 2187 1165 2262 vetusque
1267 2206 1270 2217 ¹

239 2261 336 2326 vestis
354 2272 435 2340 erat,
452 2262 535 2328 lecto
552 2283 616 2327 non
632 2263 828 2349 indignanda
845 2264 977 2350 saligno.

173 2366 223 2416 656
240 2347 417 2412 accubuere
434 2347 495 2413 dei.
537 2371 680 2414 mensam
696 2349 858 2415 succincta
874 2362 1075 2433 tremensque

239 2431 329 2516 ponit
346 2455 436 2497 anus.
466 2455 594 2499 mensae
611 2434 668 2500 sed
686 2446 754 2500 erat
770 2456 828 2521 pes
844 2435 956 2501 tertius
972 2435 1090 2520 impar:

240 2529 321 2582 testa
338 2539 447 2618 parem
464 2518 549 2583 fecit
594 2540 676 2603 quae
693 2531 863 2606 postquam
880 2521 1008 2585 subdita
1025 2520 1142 2585 clivum

239 2603 380 2681 sustulrt,
398 2614 565 2687 aequatam
583 2616 709 2670 mentae
726 2617 842 2671 tersere
860 2606 1007 2672 virentes.

239 2687 368 2773 ponitur
384 2688 436 2753 hic
453 2688 573 2755 bicolor
589 2690 730 2756 sincerae
749 2692 828 2756 baca
844 2691 1012 2757 Minervae

172 2794 221 2844 655
239 2773 429 2858 conditaque
446 2774 479 2839 in
495 2773 617 2858 liquida
633 2796 730 2840 corna
747 2777 943 2842 autumnalia
959 2776 1049 2844 faece

237 2858 401 2943 intibaque
418 2872 451 2925 et
466 2861 558 2925 radix
574 2872 607 2927 et
623 2861 714 2927 lactis
731 2884 836 2927 massa
852 2861 953 2931 coacti

238 2965 362 3046 ovaque
378 2966 443 3010 uon
460 2946 525 3011 acri
541 2946 652 3012 leviter
668 2955 795 3013 versata
810 2948 933 3013 favilla:

238 3051 344 3095 omma
360 3030 518 3096 fictilibus.
560 3032 729 3117 posthaec
746 3033 885 3098 caelatus
902 3034 1015 3099 ecdem

238 3115 358 3181 sistitur
374 3129 505 3203 argento
523 3128 635 3195 crater,
653 3117 871 3203 fabricataque
888 3119 964 3205 fago

170 3217 221 3271 666
239 3201 366 3286 pocula,
384 3223 449 3286 qua
467 3225 546 3267 cava
563 3215 650 3279 sunt,
668 3203 859 3269 flaventibus
875 3204 954 3270 illita
970 3205 1060 3271 ceris.
1095 3275 1099 3285 ,

237 3309 336 3371 parva
352 3299 521 3363 moreest,
539 3289 713 3373 epulasque
729 3288 793 3354 foci
811 3290 924 3356 misere
942 3292 1091 3367 calentes,

237 3394 297 3437 nec
313 3371 428 3458 longae
446 3395 554 3438 rursus
571 3374 754 3439 referuntur
770 3375 845 3440 vina
862 3388 1018 3453 senectae,
1149 3377 1152 3381 “

238 3456 377 3541 dantque
394 3458 499 3523 locum
518 3457 634 3524 mensis
651 3459 784 3544 paulum
800 3460 931 3525 seducta
949 3456 1107 3527 secundis.

237 3541 289 3607 hic
306 3565 386 3618 nux,
404 3542 456 3609 hic
473 3544 572 3608 mixta
589 3555 636 3609 est
653 3543 778 3629 rugosis
795 3544 899 3610 carica
915 3546 1030 3631 palmis

170 3645 219 3695 665
237 3648 402 3711 prunaque
419 3639 451 3694 et
467 3629 500 3692 in
518 3629 634 3715 patulis
651 3628 827 3694 redolentia
843 3632 928 3696 mala
945 3630 1089 3697 canistris

238 3723 270 3775 et
288 3712 328 3775 de
369 3714 512 3813 urpureis
529 3714 679 3779 collectae
696 3713 815 3780 vitibus
831 3738 924 3782 uvae.

238 3734 392 3861 candidis
409 3821 442 3861 m
459 3799 564 3864 medio
580 3799 674 3863 favus
691 3809 749 3864 est.
792 3823 888 3888 super
904 3801 1010 3866 omnia
1026 3802 1133 3868 vultus

205 3947 207 3952 ,
239 3902 400 3947 accessere
417 3881 508 3960 boni,
525 3906 584 3949 nec
601 3885 685 3949 iners
703 3906 887 3969 pauperque
905 3888 1061 3953 voluntas.

239 3966 358 4031 interea
375 3969 490 4034 totiens
508 3971 656 4036 haustum
674 3986 796 4039 cratera
812 3976 926 4057 repleri

169 4060 219 4111 670
236 4054 348 4128 sponte
366 4069 424 4112 sua
454 4070 512 4134 per
528 4073 626 4137 seque
643 4056 752 4121 vident
770 4080 968 4127 succrescere
985 4060 1068 4126 vina.
