2800 4500
317 281 681 345 urruuoarflosuou
699 287 774 342 ure.
790 280 990 344 niara-ecs.
1122 260 1165 337 25

145 425 177 479 et
194 435 282 479 mare
299 412 503 491 contrahitur,
521 413 685 496 siccaeque
704 422 751 478 est
769 434 899 498 campus
915 410 1062 488 harenae,

146 498 231 584 quod
248 497 343 563 modo
359 508 475 585 pontus
493 508 574 575 erat3
591 519 735 582 quosque
751 499 852 563 altum
868 508 989 563 texerat
1006 516 1134 582 aequor,

146 585 285 650 existunt
301 595 424 650 montes
443 594 475 649 et
491 605 616 668 sparsas
635 580 794 669 Cycladas
812 595 940 669 augent.

146 671 210 735 ima
227 680 338 755 petunt
354 670 472 754 pisces,
489 690 549 734 nec
566 690 600 733 se
617 691 714 754 super
731 690 868 752 aequora
886 669 975 734 curvi
1183 688 1232 741 265

147 756 256 821 tollere
273 765 439 820 consuetas
457 754 575 820 audent
592 754 757 840 delphines
774 755 807 819 in
825 777 927 820 auras.
1238 761 1243 771 ’

147 862 279 926 corpora
295 840 468 927 phocarum
486 860 609 905 summo
626 841 776 926 resupina
814 841 950 905 rotundo

147 926 326 992 exanimata
342 936 462 991 natant
504 925 610 1010 ipsum
627 946 755 1008 quoque
804 948 878 991 erea
892 925 979 991 fama
995 937 1044 992 est

147 1011 333 1095 Doridaque
351 1021 384 1076 et
398 1022 489 1076 natas
505 1010 621 1096 tepidis
637 1011 769 1076 latuisse
785 1012 845 1076 sub
863 1011 970 1077 antria
1018 1087 1022 1093 ,

147 1108 196 1162 ter
207 1096 376 1182 Neptunus
393 1096 484 1180 aquis
502 1117 575 1162 cum
591 1108 682 1161 torvo
701 1095 848 1162 bracchia
864 1097 955 1162 vultu

148 1204 276 1249 exerere
293 1204 390 1247 ausus
407 1191 489 1247 eratr
506 1192 555 1247 ter
571 1203 635 1246 non
651 1182 725 1247 tulit
741 1183 822 1248 aeris
840 1183 940 1269 ignes.

147 1269 231 1332 alma
247 1278 354 1333 tamen
370 1267 495 1345 Tellus,
512 1277 549 1331 ut
565 1276 632 1333 erat
648 1266 843 1333 circumdata
858 1278 967 1354 ponto,

146 1352 230 1419 inter
245 1373 346 1439 aquas
362 1353 469 1439 pelagi
485 1362 726 1436 contractosque
742 1353 883 1437 undique
899 1353 1014 1432 fontes,

148 1439 203 1523 qui
220 1460 255 1504 se
272 1438 477 1504 condiderant
492 1438 526 1502 in
543 1459 662 1524 opacae
679 1438 801 1503 viscera
818 1439 938 1517 matris,

148 1523 274 1590 sustulit
291 1544 458 1610 oppressos
475 1523 556 1589 collo
573 1534 665 1588 tenus
683 1523 771 1589 arida
788 1525 895 1590 vultus

148 1609 357 1695 opposuitque
372 1631 503 1674 manum
518 1609 614 1673 fronti
631 1631 811 1695 magnoque
828 1621 964 1676 tremore

148 1694 254 1759 omnia
271 1696 452 1760 concutiens
492 1695 600 1760 aulum
616 1695 760 1760 subsedit
776 1705 809 1760 et
824 1694 918 1772 infra,

148 1801 244 1863 quam
262 1780 341 1845 solet
358 1801 441 1857 esse,
496 1780 533 1857 ’t‚
545 1801 704 1863 raucaque
721 1781 766 1845 ita
781 1801 861 1846 voce
876 1781 982 1846 locuta
999 1791 1061 1847 ests

148 1865 191 1930 ‘si
206 1865 312 1952 placet
327 1864 404 1943 hoc,
420 1865 600 1948 meruique,
617 1866 695 1949 quid
713 1886 732 1930 c
750 1876 805 1930 tua
821 1865 956 1931 fulmina
973 1877 1107 1944 cessant,

148 1972 272 2016 summe
289 1949 403 2016 deum?
418 1950 512 2016 liccat
527 1949 685 2036 periturae
701 1950 822 2016 viribus
839 1952 922 2037 ignis

147 2034 222 2121 igne
238 2035 341 2123 perire
356 2045 412 2100 tuo
430 2036 615 2119 clademque
632 2046 760 2124 auctore
776 2036 895 2102 levare!

149 2121 204 2186 vix
221 2120 370 2205 equidem
386 2120 495 2186 fauces
511 2120 592 2186 haec
608 2121 678 2205 ipsa
694 2121 727 2185 in
746 2121 843 2187 verba
858 2122 996 2187 resolvo‘
1013 2157 1058 2172 -

148 2218 305 2308 presserat
322 2228 378 2273 ora
394 2227 552 2293 vapor-
570 2212 682 2272 ‘tostos
700 2229 741 2273 en
757 2206 864 2293 aepice
882 2207 993 2284 crines,

149 2313 245 2376 mque
262 2293 361 2358 oculis
378 2303 516 2369 tantum,
533 2303 657 2357 tantum
674 2315 771 2379 super
787 2314 843 2358 cra
859 2292 1001 2359 favillae!

149 2377 248 2443 hosne
264 2377 343 2443 mihi
359 2377 497 2455 fructus,
514 2378 600 2443 hunc
616 2377 786 2443 fertilitatis
803 2378 955 2444 honorem

148 2463 309 2547 officiique
325 2463 440 2541 refers,
458 2464 544 2547 quod
561 2463 676 2528 adunci
693 2464 825 2529 vulnera
841 2464 937 2529 aratri

147 2558 384 2632 rastrorumque
400 2548 468 2613 fero
485 2559 615 2631 totoque
632 2570 782 2614 exerceor
798 2571 891 2627 anno,

147 2633 235 2717 quod
251 2634 357 2719 pecori
374 2633 502 2699 frondes
507 2680 516 2711 ,
535 2634 747 2718 alimentaque
763 2635 853 2700 mitia
867 2635 977 2721 fruges

147 2718 287 2785 huma-no
304 2719 426 2805 generi,
444 2719 535 2784 vobis
552 2739 679 2803 quoque
696 2731 768 2784 tura
783 2720 944 2785 ministro?

148 2804 205 2870 sed
221 2815 327 2870 tamen
344 2804 475 2870 exitium
491 2805 544 2869 fac
559 2827 612 2870 me
627 2806 795 2870 meruisse:
813 2806 890 2889 quid
907 2806 1022 2885 undae,

148 2889 226 2974 quid
243 2890 358 2955 meruit
375 2889 491 2955 frater?
508 2912 565 2954 cur
581 2888 626 2954 illi
643 2891 759 2955 tradita
776 2902 859 2956 sorte

149 2995 288 3058 aequora
305 2974 490 3041 decrescunt
507 2986 540 3039 et
557 2975 598 3040 ab
615 2974 742 3040 aethere
758 2975 884 3061 longius
902 2977 1037 3042 absunt?

148 3059 262 3143 quodsi
278 3082 338 3125 nec
355 3060 460 3125 fratris
477 3080 537 3125 nec
554 3070 586 3125 te
602 3082 674 3124 mea
691 3061 796 3145 gratia
811 3062 923 3146 tangit,

148 3156 182 3209 at
199 3144 279 3210 caeli
295 3145 443 3211 miserere
460 3145 517 3210 tui.
561 3145 767 3231 circumspice
783 3156 968 3230 utrumque:

147 3229 251 3295 fumat
266 3239 399 3314 uterque
416 3231 518 3316 polus.
561 3251 640 3313 quos
659 3231 685 3294 si
702 3231 860 3296 vitiaverit
876 3231 971 3317 ignis,

148 3315 228 3380 atria
245 3328 350 3381 vestra
366 3327 468 3380 ruent
511 3315 605 3380 Atlas
622 3338 663 3380 en
679 3316 749 3402 ipse
764 3316 889 3382 laborat

147 3399 265 3483 vixque
283 3401 348 3465 suis
365 3399 483 3465 umeris
501 3400 687 3465 candentem
706 3402 839 3467 sustinet
856 3424 958 3468 axem.

148 3485 175 3550 si
192 3485 288 3562 freta,
306 3486 334 3550 si
350 3496 452 3550 terrae
470 3496 616 3571 pereunt,
635 3487 661 3550 si
678 3487 768 3572 regia
785 3488 873 3564 caeli,

53 3628 58 3642 ,
146 3570 180 3635 in
198 3570 294 3635 chaos
311 3570 476 3653 antiquum
493 3571 726 3636 confundimur.
769 3572 855 3657 eripe
872 3572 1017 3648 flammis,

147 3656 174 3719 si
192 3655 269 3739 quid
287 3654 391 3720 adhuc
409 3666 565 3740 superest,
584 3666 616 3721 et
632 3679 738 3721 rerum
756 3657 884 3722 consule
901 3657 1073 3724 summael'

147 3741 270 3806 dixerat
286 3740 365 3805 haec
382 3739 506 3805 Tellus:
524 3762 628 3825 neque
646 3742 730 3807 enim
747 3742 881 3808 tolerare
897 3765 1048 3828 vaporem

146 3825 278 3891 ulterius
296 3825 399 3911 potuit
415 3847 475 3891 nec
492 3826 596 3892 dicere
612 3827 720 3913 plura:
738 3847 895 3910 suumque

146 3910 267 3975 rettulit
284 3931 319 3975 os
336 3911 369 3975 in
387 3933 421 3976 se
438 3911 648 3996 propioraque
659 3911 815 3979 Manibus
831 3924 930 3977 antra.

147 4005 180 4059 at
197 4007 288 4080 pater
304 3995 516 4081 omnipotens,
534 4018 665 4082 superos
682 4008 815 4063 testatus
833 4010 865 4063 et
881 3998 988 4084 ipsum

145 4078 203 4168 qui
220 4079 350 4149 dederat
366 4102 491 4160 currus,
508 4081 570 4149 nisi
588 4102 681 4172 opem
697 4082 793 4161 ferat,
811 4083 916 4151 omnia
932 4083 999 4153 fato
