2800 4500
241 244 304 315 184
570 259 604 317 P.
622 261 748 319 ov1nu
764 257 927 317 11155115

172 407 221 456 145
238 386 483 474 spumigeroque
500 395 592 451 tuum
609 385 700 463 fonti,
718 406 782 468 qua
798 383 955 470 plurimus
973 382 1048 460 exit,

238 473 340 538 subde
356 482 466 558 caput,
484 491 523 536 co
561 491 664 554 usque
681 470 790 546 simul,
808 469 903 534 simul
919 469 990 535 elue
1008 466 1148 534 crimen?

238 581 296 623 rex
312 557 417 623 iussae
434 577 528 622 succe
552 556 575 620 't
592 577 704 643 aquae.
747 555 796 619 vis
814 577 911 619 aurea
927 554 1020 619 tinxit

238 644 358 709 flumen
375 653 406 709 et
424 641 564 707 humano
582 641 622 706 de
640 661 772 727 corpore
789 639 884 705 cessit
899 638 934 704 111
951 661 1086 704 amnem.

238 750 324 793 nunc
339 748 467 812 quoque
483 726 548 792 15111
564 727 679 792 veteris
696 736 846 811 percepto
863 724 983 791 semine
1000 745 1100 790 venae

172 833 221 881 145
238 837 315 879 arva
331 813 437 900 rigent
452 833 530 878 auro
546 812 682 876 madidis
699 810 851 896 pallentia
866 809 998 896 glaebis.

281 899 354 977 Ille,
371 919 503 984 perosus
521 919 612 998 opes,
630 897 726 961 silvas
744 906 777 961 et
792 918 867 961 rura
884 895 1008 961 colebat
1045 892 1053 905 ‘

237 983 393 1068 Panaque
409 994 567 1047 montanrs
584 981 781 1047 habitantem
798 1002 923 1066 semper
939 981 973 1061 in
991 979 1099 1045 antris.

238 1070 357 1156 pingue
374 1069 431 1134 sed
448 1068 457 1084 ⁶
504 1067 611 1133 enium
628 1067 758 1144 mansit3
775 1066 997 1150 nocituraque,
1014 1077 1052 1131 ut
1069 1075 1153 1144 ante,

238 1178 347 1220 rursus
365 1163 454 1221 arant
493 1152 599 1218 omino
616 1153 731 1218 stultae
747 1151 932 1238 praecordia
948 1150 1073 1217 mentis.

172 1261 222 1310 155
239 1264 314 1305 nam
330 1239 413 1306 11515
428 1238 622 1325 prospiciens
639 1237 702 1304 late
719 1238 802 1324 riget
819 1237 937 1301 arduus
955 1237 1019 1302 alto

238 1325 372 1391 Tmolus
388 1324 423 1389 in
440 1346 588 1401 ascensu,
606 1323 752 1406 clivoque
769 1332 918 1388 extensus
935 1334 1070 1405 utroque

240 1409 395 1478 Sardibus
411 1409 500 1486 hinc,
516 1409 603 1474 illinc
616 1408 727 1510 parvis
743 1407 851 1472 linitur
867 1408 1044 1494 Hypaepis.

237 1496 311 1562 Pan
326 1496 372 1561 ibi
389 1495 466 1561 dum
483 1494 598 1560 teneris
615 1503 713 1559 iactat
730 1516 789 1559 sua
805 1494 946 1558 carmina
961 1492 1111 1579 nymphis

239 1593 272 1648 et
287 1583 358 1648 1515
376 1592 482 1647 cerata
497 1580 679 1644 modulatur
695 1578 872 1644 harundine
890 1601 1027 1655 carmen,

172 1687 222 1737 155
240 1689 336 1733 ausus
353 1666 540 1752 Apollineos
556 1687 634 1752 prae
651 1687 686 1730 se
704 1675 904 1730 contemnere
922 1674 1044 1742 cantus,

238 1752 343 1818 iudice
360 1751 420 1817 sub
437 1751 551 1817 Tmolo
569 1761 729 1816 certamen
746 1750 832 1815 venit
849 1750 891 1815 ad
907 1750 1019 1836 impar.

238 1849 346 1903 monte
363 1858 420 1902 suo
438 1836 543 1903 senior
559 1836 656 1902 iudex
673 1835 830 1914 consedit,
847 1846 880 1901 et
896 1857 990 1901 aures

237 1923 352 1989 liberat
368 1922 543 1988 arboribus.
586 1942 707 2005 quercu
724 1942 816 1986 coma
832 1921 959 1987 caerula
975 1930 1099 1986 tantum

239 2008 387 2095 cingitur,
404 2020 436 2073 et
452 2008 592 2094 pendent
610 2006 730 2072 circum
747 2029 827 2072 cava
843 2017 986 2091 tempora
1002 2007 1144 2093 glandes.

172 2114 222 2164 155
239 2094 331 2178 isque
348 2093 443 2159 deum
460 2093 583 2179 pecoris
600 2116 615 2157 s
638 2103 747 2158 ectans
765 2092 812 2156 ‘in
828 2091 947 2157 iudioe'
965 2091 1046 2157 dixit

241 2179 343 2244 ‘nulla
358 2201 448 2244 mora
465 2178 534 2244 est!
578 2200 595 2243 c
628 2178 708 2242 amis
725 2177 904 2266 agrestibus
920 2177 1046 2242 insonat
1062 2177 1129 2243 illes

238 2265 468 2349 barbaricoque
485 2264 600 2329 Midan
616 2264 741 2347 (aderat
757 2287 833 2329 nam
850 2264 931 2329 forte
948 2264 1089 2348 canenti)

240 2350 377 2416 carmine
395 2349 521 2417 delenit.
564 2349 738 2435 posthunc
755 2371 845 2415 sacer
861 2370 917 2414 ora
933 2349 1059 2414 retorsit

238 2435 372 2501 Tmolus
389 2435 431 2500 ad
447 2457 483 2501 os
500 2434 639 2512 Phoebi3
656 2436 782 2499 vultum
799 2457 857 2499 sua
873 2434 954 2500 silva
970 2444 1081 2500 secuta
1096 2443 1153 2500 est.

172 2541 221 2591 155
238 2522 292 2587 ille
309 2543 347 2586 ca
368 2532 406 2586 ut
421 2520 540 2585 flavum
557 2521 647 2586 lauro
662 2518 840 2585 Parnaside
857 2520 982 2586 vinctus

239 2605 336 2672 verrit
346 2542 485 2671 humum
502 2604 601 2689 Tyrio
619 2616 760 2670 saturata
776 2605 896 2670 murice
912 2606 1011 2692 pallae

238 2691 489 2776 instructamque
498 2690 595 2756 fidem
605 2691 741 2777 gemmis
758 2702 790 2756 et
807 2690 955 2756 dentibus
972 2689 1062 2755 Indis

239 2775 373 2843 sustinet
389 2799 409 2841 5
425 2778 530 2842 laeva:
548 2776 650 2842 tenuit
665 2798 780 2840 manus
796 2777 895 2843 altera
911 2778 1077 2863 plectrum.

239 2862 368 2928 artificis
385 2871 485 2927 status
501 2861 570 2947 ipse
587 2861 658 2926 fuit.
700 2873 770 2926 tum
787 2862 922 2927 stamina
939 2861 1032 2927 docto

172 2969 222 3018 115
262 2947 352 3013 ollice
370 2946 530 3025 sollicitat3
548 2968 683 3031 quorum
701 2947 867 3013 dulcedine
885 2958 997 3033 captus

238 2971 585 3098 151511551115155
602 3031 742 3098 citharae
759 3033 944 3099 submittere
962 3054 1090 3097 cannas.

238 3118 390 3184 iudicium
406 3118 571 3201 sanctique
587 3117 693 3203 placet
710 3119 864 3183 sententia
880 3117 996 3182 montis

238 3204 400 3281 omnibus3
418 3204 561 3288 arguitur
577 3214 682 3269 tamen
701 3214 797 3286 atque
814 3204 931 3268 iniusta
946 3214 1079 3268 vocatur

237 3289 332 3355 unius
349 3310 493 3354 sermone
510 3287 631 3353 Midae.
674 3308 735 3353 1155
751 3287 865 3353 Delius
883 3310 974 3352 aures

171 3395 220 3446 115
237 3375 410 3441 humanam
427 3373 556 3438 stolidas
573 3373 692 3459 patitur
708 3373 842 3438 retinere
859 3373 1009 3458 figuram:

238 3460 295 3526 sed
311 3460 407 3525 trahit
422 3458 457 3523 in
473 3459 611 3545 spatium
627 3458 773 3541 villisque
790 3458 970 3523 albentibus
986 3458 1107 3543 implet,

237 3545 464 3629 instabilesque
480 3544 561 3609 imas
578 3543 656 3608 facit
672 3554 702 3609 et
722 3543 777 3607 dat
792 3565 885 3628 posse
902 3544 1033 3610 moveri.

238 3642 344 3697 cetera
360 3640 434 3695 sunt
450 3628 600 3693 hominis:
617 3639 740 3714 partem
759 3628 927 3694 damnatur
941 3628 975 3693 in
992 3651 1090 3694 unam

237 3715 441 3799 induiturque
459 3737 551 3780 aures
568 3714 652 3780 lente
669 3713 842 3798 gradientis
859 3715 958 3779 aselli.

172 3822 221 3872 180
280 3799 340 3864 Ille
357 3799 485 3883 quidem
502 3799 604 3865 celare
622 3799 723 3884 cupit,
741 3799 888 3883 turpique
905 3800 1026 3885 pudore

238 3896 382 3969 tempora
398 3885 564 3969 purpureis
582 3895 717 3969 temptat
733 3883 839 3949 velare
856 3884 953 3949 tiaris.

239 3970 295 4034 sed
312 3968 422 4033 solitus
438 3969 550 4055 longos
567 3968 652 4036 ferro
668 3991 811 4035 resecare
829 3970 959 4057 capillos

239 4053 361 4123 viderat
377 4053 438 4122 hoc
454 4053 603 4121 famulus.
646 4054 715 4142 qui,
733 4076 807 4123 curn
823 4077 883 4122 nec
898 4055 1032 4146 prodere
1050 4056 1154 4126 visum
