2800 4500
296 273 660 334 METAMORPHOSEON
679 277 753 331 LIB.
769 276 822 332 XI.
841 277 985 334 cos-755.
1094 263 1155 329 197

132 394 271 480 dumque
288 408 430 465 moratur
446 397 505 475 ibi,
524 398 663 483 dumque
680 398 748 464 ‘hic
765 399 939 464 retinacula
955 400 1059 480 solvit,

131 481 193 547 hoe
209 481 288 548 mihi
305 481 470 549 discedens
488 483 576 549 dedit
592 485 703 549 oscula
718 484 823 550 litore'
842 484 929 560 dicit,

130 562 283 661 [dumque
300 572 409 628 notata
424 561 503 627 locis
519 559 731 627 reminiscitur
747 570 819 626 acta
835 556 1030 645 fretumque]

130 645 293 747 prosprcit:
313 645 347 711 in
363 645 499 729 liquida,
517 645 618 732 spatio
637 645 788 720 distante,
802 654 913 709 tuetur
1173 662 1223 713 715

130 753 237 797 nescio
255 729 334 814 quid
350 730 443 816 quasi
460 752 574 816 corpus
592 751 685 813 aqua.
730 729 908 814 primoque,
926 727 1004 812 quid
1020 729 1099 793 illud

131 826 228 894 esset,
246 827 314 882 erat
332 816 464 881 dubium
470 840 479 894 3
498 825 666 901 postquam
683 816 816 900 paulum
833 814 955 899 appulit
972 813 1069 892 unda,

130 913 162 966 et
179 902 325 985 quamvis
342 901 466 976 aberat,
484 922 598 1001 corpus
616 911 723 964 tamen
741 922 810 966 esse
825 899 977 983 liquebat,

131 987 187 1071 qui
203 986 298 1065 foret,
315 987 481 1073 ignorans,
499 1007 574 1070 quia
590 985 780 1071 naufragus,
799 985 903 1051 omine
920 996 1007 1049 mota
1023 993 1082 1062 est,

131 1083 337 1157 ettamquam
349 1072 458 1158 ignoto
475 1070 638 1136 lacrimam
657 1071 756 1146 daret,
774 1069 866 1136 ‘heul
884 1069 1000 1146 miser,'
1017 1068 1120 1155 inquit
1172 1089 1223 1140 720

131 1157 290 1242 ‘quisquis
308 1180 356 1235 es,
375 1156 451 1223 etsi
469 1167 597 1241 quaest
615 1156 753 1221 coniunx
771 1155 858 1220 tibi1’
876 1156 1025 1221 fluctibus
1043 1166 1150 1221 actum

131 1242 166 1307 fit
183 1241 313 1343 propius
332 1264 456 1328 corpus.
499 1241 586 1327 quod
603 1262 667 1325 quo
684 1241 788 1326 magis
804 1241 859 1306 illa
876 1252 992 1319 tuetur,

130 1327 192 1392 hoc
208 1350 313 1392 mmus
331 1339 363 1393 et
378 1327 483 1393 minus
501 1338 550 1392 est
565 1326 690 1392 mentis.
734 1327 798 1392 iam
814 1326 942 1410 iamque
960 1325 1158 1413 propinquae

131 1413 294 1477 admotum
311 1423 427 1491 terrae,
443 1413 508 1478 iam
525 1412 611 1495 quod
629 1434 666 1478 co
713 1434 820 1478 oscere
837 1423 954 1498 posset,

131 1498 244 1563 cernit:
263 1509 331 1563 erat
348 1497 500 1564 coniunxi
535 1498 603 1563 ‘ille
620 1508 668 1564 est
688 1497 697 1526 '
716 1498 873 1563 exclamat
889 1508 921 1563 et
937 1521 1003 1563 una
1174 1516 1222 1567 tro

131 1605 187 1648 ora
204 1605 310 1648 comas
328 1595 448 1650 vestem
466 1584 597 1661 lacerat,
615 1583 812 1667 tendensque
829 1594 998 1649 trementes

131 1668 173 1734 ad
191 1664 299 1754 Ceyca
316 1690 430 1734 manus
447 1669 521 1746 ‘sic,
539 1690 559 1733 o
577 1668 738 1735 carissime
756 1668 904 1745 coniunx,

131 1754 176 1818 sic
194 1754 235 1818 ad
251 1777 317 1832 me,
335 1755 527 1833 miserande,
543 1753 661 1820 redisi'
679 1755 733 1819 ait
778 1754 901 1820 adiacet
917 1754 1011 1819 undis

130 1840 216 1905 facta
232 1862 331 1904 manu
343 1841 462 1918 moles,
480 1861 564 1924 quae
581 1839 699 1925 primas
717 1840 863 1922 aequoris
880 1840 944 1904 iras

130 1924 250 1989 franoit
266 1936 298 1990 et
314 1925 459 1990 incursus
477 1946 560 2009 quae
576 1923 793 2010 praedelassat
810 1945 974 2008 aquarum.

130 1977 227 2075 insilit
243 2009 330 2075 huc*
359 2009 539 2092 mirumque
556 2008 617 2073 fuit
634 2008 790 2094 potuisse:
809 2010 951 2087 volabat3

130 2094 374 2180 percutiensque
390 2095 494 2160 levem
511 2094 607 2160 modo
623 2093 706 2159 natis
724 2099 798 2160 a'e‘ra
814 2094 937 2180 pennis,

131 2180 308 2266 stringebat
325 2201 466 2244 summas
484 2179 549 2245 ales
566 2179 754 2244 miserabilis
771 2180 883 2245 undas.

133 2265 273 2348 dumque
290 2266 390 2344 volat,
408 2276 528 2331 maesto
547 2265 681 2331 similem
697 2265 892 2353 plenum'que
911 2265 1058 2350 querelae

132 2372 188 2416 ora
205 2350 321 2416 dedere
338 2372 452 2416 sonum
469 2350 556 2417 tenui
574 2351 760 2437 crepitantia
775 2362 888 2417 rostro.

131 2446 167 2500 ut
184 2458 260 2502 vero
278 2436 382 2524 tetigit
398 2447 523 2502 mutum
540 2445 572 2503 et
589 2436 657 2503 sine
675 2437 830 2523 sanguine
847 2458 972 2523 corpus,

131 2521 265 2587 dilectos
280 2533 367 2592 anus
384 2522 531 2608 amplexa
548 2521 728 2588 recentibus
746 2522 815 2601 alis,

131 2605 249 2693 frigida
265 2607 460 2760 nequiquam
477 2608 557 2673 duro
575 2608 662 2674 dedit
679 2609 789 2674 oscula
805 2619 916 2673 rostro.

132 2692 264 2759 senserit
280 2693 342 2759 hoc
391 2716 467 2779 eyx,
486 2716 528 2758 an
544 2693 668 2759 vultum
685 2693 825 2759 motibus
841 2693 947 2760 undae

131 2778 240 2844 tollere
257 2778 298 2844 sit
313 2779 401 2845 'visus
406 2826 416 2856 ‚
431 2778 570 2928 populus
587 2777 767 2844 dubitabat:
786 2789 819 2843 at
835 2777 889 2845 ille

131 2874 282 2930 senserat.
326 2876 359 2931 et
375 2875 430 2930 tan
453 2887 504 2930 em
536 2863 659 2950 superis
676 2863 900 2930 miserantibus
933 2866 1027 2929 ambo

131 2948 206 3014 alite
223 2959 395 3014 mutantur.
438 2949 512 3014 fatis
531 2948 688 3014 obnoxius
705 2949 807 3014 isdem

131 3042 208 3097 tuno
225 3055 352 3118 quoque
370 3035 487 3100 mansit
504 3056 593 3099 amor
619 3056 679 3099 nec
696 3034 875 3121 coniugiale
893 3035 1032 3099 solutum

130 3117 244 3184 foedus
261 3119 294 3182 in
312 3120 449 3185 alitibus.
493 3130 608 3185 coeunt
624 3119 768 3203 fiuntque
785 3131 945 3206 parentes:

131 3224 252 3303 perque
270 3204 336 3269 dies
354 3205 494 3290 placidos
512 3204 644 3270 hiberno
662 3217 804 3291 tempore
821 3217 942 3291 septem

130 3288 262 3353 moubat
278 3290 424 3375 Alcyone
441 3290 652 3375 pendentibus
670 3312 807 3375 aequore
824 3290 916 3355 nidis.

132 3385 208 3438 tune
224 3373 277 3438 via
295 3385 363 3440 tuta
379 3376 490 3453 maris3
508 3388 619 3441 ventos
637 3377 775 3442 custodit
791 3385 824 3442 et
841 3387 927 3441 arcet

131 3458 254 3523 Aeolus
272 3481 402 3559 egressu
419 3471 622 3546 praestatque
638 3462 807 3547 nepotibus
825 3484 953 3545 aequor.

173 3544 244 3608 Hos
262 3544 375 3628 ahquis
394 3544 498 3609 senior
508 3547 641 3611 iunctim
650 3546 732 3611 freta
748 3547 813 3611 lata
830 3548 972 3613 volantes
1096 3565 1221 3623 Arsame

132 3641 253 3713 spectat
270 3640 300 3696 et
319 3630 361 3694 ad
378 3629 473 3695 finem
491 3642 631 3696 servatos
648 3632 759 3703 laudat
775 3654 908 3698 amores.
1177 3654 1226 3703 750

130 3713 294 3800 proximus
311 3714 381 3797 (sut
398 3715 497 3793 idem,
516 3715 541 3780 si
559 3716 624 3781 fors
643 3716 729 3800 tulit)
748 3716 814 3782 ‘hic
831 3717 979 3803 quoqne‚’
999 3717 1078 3785 dixit

131 3806 242 3883 ‘quem
259 3801 346 3865 mare
365 3811 545 3886 carpentem
564 3801 796 3885 substrictaque
813 3825 906 3868 crura
922 3816 1086 3889 gerentem

130 3883 266 3969 aspicis,'
283 3882 468 3967 (ostendens
485 3886 660 3972 spatiosum
675 3887 709 3951 in
727 3898 858 3973 guttura
874 3889 1035 3976 mergum)

130 3968 233 4053 ‘regia
249 3972 426 4057 progenies.
471 3983 503 4036 et
520 3972 547 4036 si
564 3972 756 4038 descendere
774 3974 815 4037 ad
832 3973 937 4058 ipsum

129 4054 239 4124 ordine
256 4068 409 4147 perpetuo
428 4056 566 4145 quaeris:
585 4070 659 4125 sunt
676 4060 744 4129 Ilus
761 4060 851 4152 origo
