2800 4500
244 238 288 306 96
577 250 611 309 Ρ.
631 249 757 308 OVIDII
772 248 935 309 NASONIS

269 373 389 442 ascere'
407 373 465 452 ait,
484 374 640 459 ‘satisque
657 397 729 441 meo
747 386 803 441 tua
819 386 949 461 pectora
964 374 1065 443 luctu.

244 398 379 549 fcorque
396 461 501 526 ferum
517 461 610 525 satia’
629 460 723 526 dixit:
742 467 813 546 ‘per
830 461 943 526 funera
960 457 1096 548 septem]

245 546 369 613 efferor.
411 546 519 612 exulta
535 545 726 630 victrixque,
743 546 885 623 inimica,
903 545 1075 631 triumpha!

245 654 302 698 cur
318 642 425 697 autem
443 630 573 696 victrix?
589 631 724 697 miserae
740 631 819 696 mihi
834 632 927 717 plura
944 643 1124 717 supersunt,

178 737 227 787 285
245 741 342 801 quam
359 717 417 782 tibi
433 716 528 782 felici.
571 727 645 803 post
661 728 709 783 tot
726 738 853 802 quoque
870 718 984 782 funera
1001 716 1114 783 vinco?

245 803 380 880 dixerat,
399 815 431 868 et
447 802 553 868 sonuit
570 812 717 868 contento
734 825 851 868 nervus
869 802 910 867 ab
928 824 1017 868 arcu:

244 889 299 973 qui
316 899 441 974 praeter
457 888 583 954 Nioben
600 911 698 953 unam
716 888 887 976 conterruit
904 909 1028 966 omnes3

243 974 298 1039 illa
314 974 398 1038 malo
416 985 465 1038 est
482 973 597 1041 audax.
641 973 769 1039 stabant
786 996 859 1039 cum
878 972 1018 1039 vestibus
1036 973 1113 1040 atris

244 1071 317 1125 ante
334 1070 420 1125 toros
436 1059 571 1123 fratrum
588 1058 726 1125 demisso
745 1059 830 1125 crine
848 1080 982 1125 sorores.

167 1138 227 1214 200
245 1167 263 1211 0
281 1144 396 1229 quibus
413 1168 479 1210 una
496 1144 623 1210 trahens
640 1145 803 1211 haerentia
820 1143 940 1211 viscere
958 1143 1021 1210 tela

173 1310 175 1313 Ι
242 1231 391 1316 imposito
407 1229 498 1295 fratri
515 1230 705 1296 moribunda
721 1231 879 1316 relanguit
896 1252 960 1296 ore.

242 1317 342 1382 altera
359 1315 453 1380 solari
470 1315 618 1381 miseram
636 1326 750 1382 conata
766 1327 930 1401 parentem

242 1400 393 1467 conticuit
411 1401 515 1466 subito
533 1401 756 1487 duplicataque
773 1401 903 1468 vulnere
921 1423 1016 1468 caeco
1033 1411 1091 1466 est.

168 1568 170 1572 μ
241 1484 377 1637 {oraque
395 1486 595 1572 compressit,
612 1487 674 1552 nisi
690 1497 859 1572 postquam
878 1486 1006 1572 spiritus
1022 1483 1114 1574 ibat]

175 1591 225 1644 205
265 1594 321 1639 aec
337 1572 456 1637 frustra
471 1571 598 1658 fugiens
616 1571 797 1638 collabitur:
814 1572 869 1637 illa
886 1573 986 1637 sorori

241 1657 431 1723 immoritur:
448 1657 526 1723 latet
542 1658 635 1723 haec:
653 1658 741 1722 illam
757 1669 804 1723 tre
827 1658 915 1723 idare
932 1658 1066 1724 videres.

242 1764 361 1827 sexque
378 1742 460 1809 datis
478 1744 541 1809 leto
559 1743 747 1827 diversaque
842 1766 896 1808 era
912 1743 1014 1828 passis

240 1829 353 1895 ultima
368 1828 516 1895 restabat.
560 1850 657 1913 quam
675 1840 741 1894 toto
759 1850 890 1914 corpore
907 1839 1018 1906 mater,

240 1925 307 1981 tota
322 1926 411 1980 veste
428 1926 539 2001 tegens
557 1922 669 1980 ‘unam
687 1913 914 1998 minimamque
931 1913 1087 1998 relinque!
1157 1984 1160 1987 ,

172 2001 223 2069 Ι000
241 1999 280 2067 de
297 2000 405 2065 multis
421 2000 584 2066 minimam
601 1999 712 2086 poeco’
731 2000 880 2066 clamavit
898 2006 945 2066 ‘et
961 1999 1077 2065 unam’

239 2085 379 2170 dumque
395 2097 502 2173 rogat,
518 2108 577 2172 pre
594 2108 658 2171 qua
674 2096 781 2172 rogat,
799 2084 924 2152 occidit.
968 2085 1047 2151 orba
1063 2084 1179 2157 resedit

240 2172 402 2237 exanimes
419 2170 500 2245 inter
516 2183 607 2238 natos
625 2182 780 2260 natasque
797 2171 974 2256 virumque,
1015 2209 1017 2214 ·

238 2257 439 2345 deriguitque
457 2258 558 2324 malis.
584 2273 585 2276 ’
600 2259 704 2323 nullos
722 2269 830 2324 movet
841 2268 931 2323 ‘aura
942 2257 1083 2343 capillos,

237 2343 271 2409 in
288 2346 378 2409 vultu
396 2343 482 2410 color
499 2355 548 2410 est
565 2343 632 2411 sine
650 2343 816 2430 sauguine,
832 2343 954 2409 lumina
970 2342 1098 2408 maestis

171 2439 222 2497 005
240 2441 325 2496 stant
340 2431 472 2495 immota
487 2429 593 2515 genis3
610 2429 690 2494 nihil
707 2429 805 2494 estin
821 2428 961 2515 imagine
978 2429 1099 2493 vivum.

237 2515 308 2600 ipsa
325 2536 453 2599 quoque
470 2502 601 2581 interius
618 2537 692 2580 cum
710 2515 790 2580 duro
807 2514 918 2601 lingua
934 2514 1040 2599 palato

238 2602 399 2687 congelat,
417 2611 449 2667 et
466 2622 566 2666 venae
583 2600 740 2666 desistunt
758 2622 850 2687 posse
867 2600 997 2667 moveri.

236 2708 297 2752 nec
312 2687 397 2751 flecti
413 2686 536 2764 cervix,
553 2708 614 2751 nec
630 2685 780 2751 bracchia
796 2685 928 2753 reddere
944 2696 1060 2763 motus,

195 2828 197 2831 a
236 2793 296 2836 nec
312 2793 369 2857 pes
386 2771 433 2838 ire
449 2782 567 2858 potest3
583 2772 669 2837 intra
685 2792 814 2855 quoque
831 2771 953 2839 viscera
969 2794 1082 2837 saxum
1100 2781 1158 2838 est.

168 2858 219 2928 810
235 2857 291 2923 flet
307 2868 424 2936 tamen,
441 2870 473 2923 et
489 2857 589 2940 validi
603 2858 799 2923 circumdata
816 2857 941 2924 turbine
958 2857 1045 2924 venti

122 2953 124 2956 ’
235 2942 269 3007 in
285 2943 421 3029 patriam
437 2955 530 3029 rapta
547 2955 604 3012 est.
647 2943 693 3008 ibi
710 2943 775 3008 fixa
792 2944 956 3009 cacumine
969 2941 1089 3007 montis

235 3028 375 3114 liquitur,
394 3041 426 3096 et
442 3028 589 3094 lacrimas
607 3029 704 3096 etiam
719 3050 806 3095 nunc
821 3051 980 3094 marmora
998 3038 1139 3106 manant.

277 3114 370 3180 Tunc
387 3136 463 3181 vero
480 3114 586 3180 cuncti
602 3115 804 3181 manifestam
821 3114 959 3180 numinis
976 3115 1056 3179 iram
1137 3113 1162 3166 Α
1195 3121 1260 3195 ⁶⁸10*

234 3199 354 3265 femina
366 3199 477 3288 virque
491 3199 612 3278 timent,
627 3201 779 3284 cultuque
791 3200 964 3286 impensius
978 3222 1088 3265 omnes
1181 3198 1241 3249 9⁶²²

166 3307 216 3358 815
234 3307 352 3372 magna
368 3286 591 3372 gemelliparae
609 3297 800 3351 venerantur
815 3286 948 3364 numina
964 3286 1066 3351 divae.

234 3381 334 3455 utque
350 3370 400 3449 lit,
418 3394 439 3436 a
454 3371 539 3436 facto
557 3371 704 3456 propiore
721 3371 828 3456 priora
843 3382 1017 3437 renarrant

234 3478 252 3522 e
269 3456 386 3539 quibus
403 3479 487 3521 unus
504 3457 561 3521 ait:
581 3455 719 3542 ‘Lyciae
737 3478 866 3541 quoque
883 3457 995 3522 fertilis
1012 3455 1097 3542 agris

232 3563 297 3605 non
314 3542 445 3626 impune
463 3542 556 3607 deam
574 3553 697 3608 veteres
714 3564 862 3627 sprevere
880 3541 993 3608 coloni.

231 3648 283 3690 res
301 3627 436 3691 obscura
452 3627 581 3711 quidem
599 3637 647 3693 est
662 3627 863 3714 ignobilitate
879 3627 1030 3705 virorum,

167 3730 216 3781 020
232 3710 313 3775 mira
330 3722 446 3777 tamen.
489 3711 556 3777 vidi
571 3735 723 3799 praesens
740 3724 952 3799 stagnumque
968 3713 1139 3798 locumque

232 3795 377 3897 prodigio
394 3808 515 3862 notum.
559 3820 634 3863 uam
651 3821 702 3863 me
720 3798 784 3863 iam
801 3798 951 3885 grandior
966 3819 1047 3865 aevo

231 3890 464 3966 impatiensque
481 3882 552 3949 viae
569 3883 694 3969 genitor
712 3884 869 3951 deducere
886 3885 984 3950 lectos

232 3964 367 4032 iusserat
382 3965 457 4030 inde
474 3966 587 4046 boves,
604 3969 773 4055 gentisque
789 3969 874 4035 illius
891 3969 980 4036 eunti
1271 4027 1275 4040 .

229 4048 301 4138 ipse
318 4050 432 4116 ducem
450 4051 589 4146 dederat
633 4076 706 4120 cum
724 4077 787 4143 quo
806 4056 882 4121 dum
898 4076 1018 4143 pascua
1034 4056 1144 4137 lustro,
1251 4139 1261 4151 ὁ
