2800 4500
262 245 326 316 272
592 257 627 316 P.
646 259 771 319 0v1D11
787 257 951 318 NASONIS

255 396 288 450 et
305 384 421 450 multos
438 381 606 460 meruisse,
624 383 748 468 aliquos
765 407 783 451 e
807 383 816 400 ’
835 407 869 449 sc
886 380 1072 469 triumphos,

254 491 351 554 quam
368 480 493 534 tantum
510 470 658 554 genuisse
676 469 780 534 virum
822 465 888 554 quo
906 468 1051 554 praeside
1069 491 1175 535 rerum

180 610 186 627 Κ
255 556 394 619 humano
435 555 535 630 eneri,
553 554 674 641 superi,
691 553 815 621 favistis
833 553 970 620 abunde.

188 662 237 711 700
254 663 295 705 ne
313 641 396 706 foret
411 577 465 706 bic
481 639 580 726 igitur
595 640 722 706 mortali
740 639 860 706 semiue
877 650 992 715 cretus,

254 726 308 791 ille
326 724 404 791 deus
422 725 589 791 faciendus
607 736 684 790 erat
729 725 815 809 quod
832 737 869 790 ut
885 747 983 791 aurea
999 723 1078 790 vidit

255 813 387 877 Aeneae
403 811 563 897 genetrix,
581 809 661 875 vidit
678 832 806 895 quoque
824 810 912 876 triste
929 809 1036 896 parari

255 894 397 982 pontifici
414 897 514 961 letum
532 906 565 962 et
582 895 746 962 coniurata
763 919 852 961 arma
868 894 1000 972 moveri,

255 982 367 1067 palluit
385 991 418 1046 et
435 981 571 1057 cunctis,
589 991 626 1046 ut
643 981 758 1065 cuique
776 994 845 1047 erat
861 980 970 1058 obvia,
988 980 1074 1047 divis

189 1088 237 1137 705
256 1066 399 1169 ‘aspice'
417 1066 543 1133 dicebat
560 1073 693 1151 ‘quanta
710 1066 788 1134 mihi
804 1066 888 1132 mole
927 1077 1055 1131 arentur
1167 1114 1169 1118 -

254 1153 402 1228 insidiae,
420 1162 602 1236 quantaque
620 1163 717 1237 caput
734 1173 808 1216 cum
824 1089 937 1216 fraude
953 1161 1090 1237 petatur,

256 1237 342 1321 quod
360 1239 399 1303 de
416 1237 582 1302 Dardanio
600 1238 704 1302 solum
720 1237 799 1302 mihi
815 1247 913 1302 restat
928 1237 1012 1301 Iulo.

257 1324 365 1389 solane
383 1345 508 1409 semper
525 1345 579 1388 ero
596 1322 687 1388 iustis
706 1322 845 1389 exercita
862 1321 967 1388 curis?

256 1430 352 1494 quam
368 1409 464 1473 modo
481 1407 627 1492 Tydidae
645 1406 825 1492 Calydonia
841 1408 986 1473 vulneret
1002 1407 1104 1485 hasta,

189 1515 238 1565 770
255 1515 341 1559 nunc
358 1494 442 1559 male
459 1492 609 1559 defensae
627 1493 823 1558 confundant
840 1493 966 1559 moenia
981 1493 1113 1560 Troiae:

257 1602 340 1665 quae
358 1579 483 1644 videam
500 1589 611 1644 natum
628 1578 733 1664 longis
751 1579 908 1644 erroribus
927 1589 1034 1644 actum

256 1664 430 1748 iactarique
448 1664 529 1730 freto
548 1663 702 1748 sedesque
719 1663 837 1729 intrare
855 1664 1003 1729 silentum

218 1784 222 1791 ·
256 1750 403 1834 bellaque
421 1772 494 1816 cum
511 1750 622 1814 Turno
639 1772 750 1835 gerere
768 1761 838 1826 aut,
855 1749 883 1814 si
900 1772 976 1814 vera
992 1750 1137 1826 fatemur,

257 1857 331 1900 cum
347 1836 472 1900 Iunone
488 1834 610 1921 magis?
636 1834 714 1918 quid
730 1856 815 1900 nunc
832 1835 963 1918 antiqua
979 1836 1126 1901 recordor

190 1942 239 1991 775
258 1920 374 1986 damna
391 1921 454 1987 mei
470 1918 615 2008 generis?
640 1921 735 1986 timor
752 1919 804 1986 hic
819 1919 1001 1986 meminisse
1040 1921 1157 1985 riorum

255 2028 320 2072 non
337 2006 425 2072 sinitz
443 2030 483 2072 en
501 2004 573 2073 acui
590 2007 760 2072 sceleratos
777 2005 904 2071 cernitis
921 1943 1039 2071 ensesi)

257 2113 337 2177 quos
353 2091 533 2179 prohibete,
550 2113 672 2178 precor,
689 2091 877 2176 facinusque
894 2091 1050 2176 repellite,
1067 2114 1149 2158 neve

257 2178 353 2243 caede
371 2177 542 2244 sacerdotis
559 2179 702 2243 flammas
719 2176 894 2263 extinguite
911 2176 1059 2243 Vestael'

299 2264 392 2329 Talia
408 2264 603 2349 nequiquam
621 2275 687 2329 toto
704 2264 816 2330 Venus
833 2263 929 2328 anxia
945 2264 1032 2328 caelo

190 2370 239 2419 700
256 2350 355 2416 verba
371 2350 461 2427 iacit,
478 2371 673 2434 superosque
691 2360 807 2416 movet.
850 2348 906 2433 qui
922 2371 1068 2434 rumpere
1086 2369 1282 2435 quamquam

257 2436 360 2500 ferrea
376 2457 440 2499 non
456 2445 591 2519 possunt
606 2445 750 2500 veterum
767 2432 895 2500 decreta
912 2455 1065 2510 sororum,

257 2521 349 2606 signa
366 2530 474 2584 tamen
489 2519 595 2584 luctus
613 2519 690 2584 dant
707 2518 794 2583 haud
810 2518 931 2585 incerta
946 2519 1056 2584 futuri.

256 2628 345 2670 arma
361 2605 469 2670 ferunt
484 2605 567 2669 inter
583 2603 691 2690 nigras
709 2604 894 2689 crepitantia
910 2604 1011 2671 nubes

256 2690 474 2774 terribilesque
492 2690 585 2755 tubas
602 2690 773 2774 auditaque
791 2711 910 2755 cornua
926 2690 1014 2755 caelo

189 2795 238 2846 785
256 2775 492 2861 praemonuisse
508 2775 608 2840 nefas.
653 2775 728 2841 solis
746 2796 873 2859 quoque
889 2775 986 2840 tristis
1002 2775 1109 2861 imago

255 2860 359 2925 lurida
375 2860 516 2925 sollicitis
532 2860 707 2947 praebebat
722 2860 844 2926 lumina
860 2861 961 2926 terris.

256 2969 351 3032 saepe
368 2945 455 3012 faces
472 2947 559 3012 visae
576 2946 688 3013 mediis
706 2946 817 3012 ardere
835 2945 895 3011 sub
913 2945 1014 3023 astris,

256 3055 350 3117 saepe
367 3032 450 3097 iuter
466 3032 591 3097 nimbos
654 3042 720 3097 ttae
737 3030 879 3097 cecidero
897 3040 1056 3097 cruentae.

255 3118 401 3182 caerulus
419 3128 451 3182 et
467 3117 591 3182 vultum
623 3116 769 3203 errugine
787 3117 919 3182 Lucifer
935 3127 1004 3181 atra

188 3222 239 3272 790
256 3225 384 3288 sparsus
403 3214 485 3281 erat,
503 3202 604 3287 sparsi
620 3202 767 3267 Lunares
785 3202 939 3288 sanguine
956 3224 1078 3266 currus.

256 3288 357 3353 tristia
374 3288 459 3353 mille
476 3289 554 3352 locis
573 3287 706 3373 Stygius
725 3286 812 3351 dedit
828 3287 935 3351 omina
951 3287 1049 3363 bubo,

254 3373 340 3439 mille
358 3374 434 3438 locis
451 3371 627 3437 lacrimavit
644 3373 733 3448 ebur,
751 3382 925 3453 cantusque
942 3371 1088 3436 feruntur

256 3459 356 3523 auditi
374 3459 490 3523 sanctis
508 3470 540 3524 et
556 3458 654 3522 verba
670 3457 825 3523 minantia
840 3456 932 3523 lucis.

256 3543 384 3609 victima
400 3544 489 3608 nulla
505 3544 588 3619 litat,
606 3563 803 3628 magnosque
819 3543 937 3607 instare
954 3542 1109 3607 tumultus

189 3649 237 3699 705
254 3628 335 3693 fibra
352 3640 473 3706 monet,
491 3648 682 3712 caesumque
700 3639 796 3711 caput
811 3628 967 3712 reperitur
982 3626 1016 3691 in
1034 3628 1125 3692 extis.

254 3713 351 3797 inque
368 3713 438 3778 foro
456 3714 638 3797 circumque
655 3714 766 3777 domos
783 3723 815 3777 et
831 3713 950 3798 templa
968 3712 1100 3777 deorum

255 3809 425 3863 nocturnos
443 3798 582 3863 ululasse
599 3819 694 3863 canes
711 3796 904 3881 umbrasque
921 3797 1070 3863 silentum

257 3881 410 3949 erravisse
427 3884 548 3958 ferunt,
565 3893 748 3966 motamque
764 3882 952 3948 tremoribus
969 3883 1091 3948 urbem.

257 3989 321 4032 non
337 3977 444 4032 tamen
461 3967 591 4032 insidias
607 3979 805 4051 venturaque
822 3968 948 4033 vincere
964 3968 1033 4033 fata

189 4070 240 4120 000
257 4052 471 4138 praemonitus
489 4062 620 4138 potuere
638 4052 747 4118 deumr
764 4053 926 4141 strictique
942 4051 1088 4119 feruntur
