2800 4500
263 209 326 298 '226
593 239 952 300 50515115555515

198 388 200 401 ·
244 399 245 403 ¹
263 378 358 452 atque
374 365 420 433 ita
437 375 580 452 correpto
598 366 794 451 captivarum
812 366 939 451 agmina
956 375 1093 429 matrum

195 472 246 523 565
261 454 389 520 invocat
405 463 437 519 et
454 451 570 537 digitos
586 451 619 515 in
637 451 758 536 perfida
774 452 895 515 lumina
912 451 1029 528 condit,

228 600 231 606 .
263 539 453 624 expellitque
471 537 561 624 genis
579 538 686 601 oeulos
704 536 795 617 (facit
811 537 859 601 ira
875 534 1073 621 valenteml),

262 624 484 709 immergitque
501 644 628 699 manus,
646 621 836 706 foedataque
854 621 1007 708 sauguine
1025 620 1106 686 sonti

262 732 327 775 non
343 710 612 792 lumen-neque
624 707 708 772 enim
726 718 933 792 superestt—
947 707 1018 771 loca
1029 706 1157 771 luminis
1169 707 1284 772 haurit.

196 804 199 815 ¹
263 795 352 861 clade
370 794 420 859 sui
436 792 598 859 Thracum
615 815 694 893 gens
711 792 834 856 irritata
849 793 975 878 tyranni

196 901 245 951 555
264 880 392 945 Troada
408 880 543 944 telorum
560 877 766 964 lapidumque
782 877 939 943 incessere
955 877 1040 943 iactu

263 966 376 1051 coepit.
419 974 453 1029 at
469 963 549 1029 haec
565 963 698 1028 missum
715 985 811 1028 rauco
829 984 902 1029 oum
919 984 1080 1029 murmure
1098 986 1210 1028 saxum

262 1051 420 1117 morsibus
436 1047 613 1133 insequitur
628 1047 772 1132 rictuque
788 1049 821 1113 in
839 1049 937 1115 verba
953 1058 1063 1134 parato
1173 1117 1177 1123 ,

262 1137 402 1212 latravit,
420 1144 534 1200 conata
550 1132 648 1217 loqui.
690 1134 779 1199 locus
797 1143 884 1200 extat
900 1145 989 1210 etex
1007 1156 1041 1199 re

196 1250 198 1257 ·
262 1244 379 1288 nomen
395 1218 501 1285 habet.
544 1230 751 1302 veterumque
768 1219 824 1284 diu
840 1241 962 1286 memor
977 1220 1031 1284 illa
1048 1219 1204 1284 malorum

196 1329 246 1380 oto
263 1321 332 1374 tum
349 1327 477 1391 quoque
494 1303 656 1372 Sithonios
673 1304 808 1369 ululavit
823 1315 945 1370 maesta
961 1327 1018 1391 per
1035 1326 1139 1390 agros.

262 1395 346 1459 illius
364 1392 529 1475 Troasque
546 1412 621 1455 suos
638 1390 807 1473 hostesque
823 1389 988 1477 Pelasgos,

263 1479 347 1544 illius
364 1477 492 1542 fortuna
509 1476 585 1542 deos
603 1496 731 1560 quoque
748 1488 891 1541 moverat
907 1497 1031 1541 omnes:

264 1565 310 1629 sic
327 1585 452 1639 omnes,
469 1571 506 1627 ut
523 1571 555 1627 et
571 1561 642 1647 ipsa
658 1561 745 1625 Iovis
762 1561 962 1645 coniunxque
980 1573 1131 1646 sororque

264 1659 396 1715 eventus
412 1646 582 1713 Hecubam
598 1647 751 1712 meruisse
768 1647 933 1732 negaverit
948 1647 1029 1710 illos.

196 1755 246 1804 575
306 1734 382 1798 Non
397 1743 491 1797 vacat
506 1732 667 1809 Aurorae,
685 1752 879 1816 quamquam
895 1732 998 1797 isdem
1014 1731 1137 1797 faverat
1154 1733 1259 1809 annis,

264 1818 407 1886 cladibus
421 1828 453 1883 et
470 1839 546 1883 casu
559 1817 738 1900 Troiaeque
751 1817 971 1900 Hecubaeque
983 1817 1115 1882 moveri.
1137 1834 1283 1898 [rtemann.

264 1928 341 1972 cura
358 1905 450 1970 deam
467 1902 596 1989 propior
611 1904 779 1988 luctusque
797 1902 989 1969 domesticus
1006 1904 1095 1988 angit

262 1989 446 2056 Memnonis
463 1989 585 2065 amissi,
601 1987 752 2074 Phrygiis
770 2010 866 2073 quem
882 1989 969 2055 lutea
986 1989 1106 2074 campis

264 2076 343 2142 vidit
358 2074 505 2140 Achillea
521 2085 708 2160 pereuntem
724 2074 855 2160 cuspide
870 2085 981 2141 mater.

197 2183 247 2233 550
264 2162 358 2239 vidit,
376 2172 408 2226 et
425 2161 478 2225 ille
496 2161 590 2237 color,
608 2181 672 2242 quo
689 2160 846 2225 matutina
861 2160 1035 2226 rubescunt

264 2261 420 2334 tempora,
436 2245 606 2333 palluerat3
624 2245 778 2331 latuitque
794 2245 829 2311 in
846 2245 984 2311 nubibus
1001 2246 1119 2312 aether.

264 2345 298 2399 at
314 2354 379 2398 555
394 2331 558 2417 impositos
576 2331 732 2417 supremis
748 2330 877 2417 ignibus
894 2343 981 2397 artus

265 2418 413 2484 sustinuit
429 2426 573 2503 spectare
590 2439 719 2502 parens3
738 2417 795 2481 sed
812 2417 897 2482 crine
915 2418 1027 2494 soluto,

265 2505 346 2569 siout
364 2513 445 2579 erat,
462 2502 572 2586 magni
588 2502 724 2586 genibus
741 2503 950 2588 procumbere
967 2526 1030 2567 non
1048 2517 1096 2568 est

196 2610 247 2660 585
265 2588 436 2673 dedignata
453 2586 539 2651 Iovis
556 2587 757 2671 lacrimisque
775 2587 832 2653 has
850 2587 967 2672 addere
984 2610 1094 2654 voces:

265 2673 428 2739 ‘omnibus
445 2671 584 2750 inferior,
601 2693 681 2754 quas
698 2673 832 2739 sustinet
848 2696 963 2739 aureus
981 2673 1098 2750 aether,
1115 2710 1159 2720 —

263 2783 339 2824 nam
356 2757 434 2823 mihi
451 2768 525 2822 suut
541 2768 643 2824 totum
660 2759 820 2823 rarissima
836 2761 955 2844 templa
971 2782 1029 2845 per
1045 2759 1154 2824 orbem
1171 2795 1214 2805 —

265 2844 339 2909 diva
355 2855 462 2909 tamen
478 2843 566 2908 veni:
603 2864 668 2909 non
685 2855 722 2908 ut
739 2844 871 2910 delubra
888 2845 1018 2929 diesque

264 2931 321 2995 des
337 2928 416 2994 mihi
432 2929 590 2994 sacrificos
608 2930 820 3013 caliturasque
837 2930 847 2993 i
893 2930 966 2995 ibus
983 2952 1054 2994 aras
1067 2970 1109 2979 -

196 3036 247 3086 500
264 3016 292 3080 51
309 3026 415 3080 tamen
433 3014 582 3100 aspicias,
600 3026 755 3098 quantum
772 3015 830 3079 tihi
846 2953 966 3080 1515155
982 3029 1148 3101 praestem,

263 3113 332 3165 tum
350 3122 423 3165 cum
440 3099 512 3165 luce
528 3122 612 3164 nova
628 3101 729 3165 noctis
747 3100 883 3166 confinia
900 3122 1001 3177 servo,
1079 3132 1082 3136 ·

263 3186 405 3273 praemia
422 3184 527 3249 danda
544 3185 747 3271 putes—sed
764 3207 828 3250 non
845 3208 884 3251 55
901 3206 992 3264 cura,
1010 3208 1113 3270 neque
1131 3186 1183 3251 hic
1200 3195 1248 3251 est

263 3294 349 3337 nunc
366 3281 467 3335 status
483 3270 643 3347 Aurorae,
660 3271 789 3335 meritos
806 3280 843 3334 ut
858 3282 969 3356 poscat
985 3271 1132 3338 honores:

263 3355 446 3422 Memnonis
464 3355 542 3420 orba
558 3356 622 3420 mei
638 3356 742 3433 venia,
759 3355 815 3438 qui
831 3354 927 3420 fortia
942 3357 1060 3421 frustra

196 3462 246 3511 555
263 3464 322 3528 pro
362 3453 452 3506 atruo
469 3440 542 3506 tulit
558 3463 646 3505 arma
663 3462 721 3505 suo
738 3441 910 3528 primisque
928 3441 987 3506 sub
1005 3442 1095 3507 annis

264 3527 332 3593 occi
356 3527 379 3591 ‘t
395 3549 416 3591 5
432 3525 507 3591 forti
522 3561 567 3573 —
584 3526 628 3590 sio
645 3548 703 3591 vos
721 3526 864 3591 voluistis
880 3563 924 3573 —
940 3527 1076 3592 Achille.

264 3612 320 3690 da,
337 3633 458 3697 precor,
475 3609 550 3676 huic
568 3611 719 3694 ahquem,
737 3610 855 3676 solacia
872 3613 995 3690 mortis,
1011 3612 1173 3690 honorem,

264 3719 387 3764 summe
405 3696 501 3762 deum
518 3708 629 3772 rector,
648 3708 854 3780 maternaque
870 3697 1002 3763 vulnera
1017 3698 1101 3764 leni.’

264 3781 408 3867 Iuppiter
425 3781 594 3847 adnuerat:
613 3804 685 3847 cum
704 3782 885 3847 Memnonis
904 3783 1021 3847 arduus
1039 3785 1103 3848 alto

196 3888 247 3935 ooo
265 3868 381 3931 corruit
397 3867 473 3952 igne
489 3887 602 3952 rogus,
619 3867 766 3952 nigrique
784 3868 945 3932 volumina
962 3868 1042 3933 fumi

263 3951 400 4017 infecere
418 3950 519 4029 diem3
536 3950 635 4017 veluti
652 3973 725 4017 cum
742 3952 874 4017 flumina
890 3964 980 4018 natas

265 4036 391 4101 exalent
408 4036 555 4116 nebulas,
572 4058 632 4107 nec
649 4038 697 4105 sol
714 4038 890 4105 admittitur
904 4037 998 4106 intra
