2800 4500
318 275 684 334 METnuORPHOSEON
701 277 775 332 LlB.
792 278 872 335 VIII.
891 278 1001 334 10-97.
1108 263 1170 330 127

150 404 245 472 vellet
263 402 341 468 emir
360 412 483 466 tantum
500 399 618 486 patrias
635 422 676 465 ne
693 410 838 548 posceret
855 422 953 466 arces.

150 498 373 590 nampereant
388 486 494 572 potius
512 496 637 572 sperata
653 508 693 550 cu
717 486 785 563 ilia,
803 507 899 569 quam
915 485 976 552 sim
1188 505 1222 558 aa

150 574 327 663 proditione
343 585 466 659 potens.
509 571 654 655 quamvis
672 593 767 655 saepe
785 571 862 635 utile
879 570 963 638 vinci

67 658 69 661 ’
150 660 277 727 victoris
295 657 410 744 placidi
427 656 503 722 fecit
520 655 687 721 clementia
703 655 820 721 multis.

150 746 234 811 iusta
250 744 333 830 gerit
350 753 435 809 certe
452 763 510 827 pro
527 753 603 806 nato
621 741 704 806 bella
720 754 884 827 perempto

149 844 182 896 et
199 850 358 913 causaque
375 828 460 892 valet
476 846 669 909 causamque
684 827 866 892 tenentibus
883 828 993 894 armisr

150 929 196 993 et,
214 925 301 1000 puto,
319 914 491 978 vincemur.
535 911 591 995 qui
607 911 635 977 si
651 923 759 977 manet
776 914 878 977 exitus
895 913 1017 990 urbem,

150 1022 207 1066 cur
225 1022 300 1064 suus
318 998 397 1064 haec
414 996 460 1062 illi
476 999 628 1064 reserabit
644 1002 769 1067 moenia
785 1001 928 1079 Mavors,

150 1096 182 1150 et
199 1106 263 1148 non
280 1094 387 1149 noster
404 1083 512 1148 amor?
528 1082 641 1147 melius
659 1082 728 1148 sine
745 1083 841 1149 caede
857 1103 1009 1167 moraque

148 1170 356 1255 impensaque
373 1168 422 1232 sui
439 1168 554 1253 poterit
570 1190 720 1253 superare
737 1169 867 1234 cruoris.

148 1277 224 1320 nam
241 1265 380 1319 metuam
398 1263 497 1330 certe,
514 1275 555 1318 ne
573 1254 644 1337 quis
662 1265 718 1319 tua
734 1265 872 1339 pectora,
889 1253 1008 1333 Minos,

148 1340 292 1404 vulneret
309 1338 492 1424 imprudens
508 1375 552 1385 —
568 1339 640 1422 quis
657 1340 742 1404 enim
759 1351 824 1405 tam
843 1339 956 1417 durus,
973 1351 1008 1405 ut
1025 1340 1059 1408 in
1076 1351 1109 1408 te

149 1424 285 1510 dirigere
301 1423 456 1489 immitem
473 1444 538 1488 non
553 1422 672 1489 inscius
690 1424 806 1491 audeat
823 1426 966 1491 hastam?

147 1520 261 1596 coepta
276 1509 416 1595 placent3
435 1519 467 1574 et
483 1519 546 1573 stat
562 1510 733 1587 sententia,
751 1510 873 1577 tradere
890 1533 1017 1578 mecum

147 1595 285 1660 dotalem
301 1594 450 1680 patriam,
467 1594 627 1678 finemque
643 1596 807 1681 imponere
823 1595 917 1661 bello.

147 1701 258 1746 verum
275 1680 357 1745 velle
374 1702 486 1765 parum
504 1691 561 1745 est.
605 1681 710 1745 aditus
727 1681 871 1747 custodia
888 1694 1006 1762 servat3

146 1765 345 1848 claustraque
362 1776 524 1850 portarum
540 1766 665 1851 genitor
680 1777 777 1832 tenet.
820 1767 905 1832 hunc
922 1790 984 1854 ego
1001 1770 1104 1835 solum

147 1850 257 1915 infelix
275 1850 381 1927 timeo,
399 1850 485 1916 solus
502 1873 574 1915 mea
590 1860 664 1916 vota
680 1863 831 1917 moratur.

146 1935 180 1999 di
196 1936 352 2011 facerent,
370 1934 438 2001 sine
455 1947 545 2022 patre
562 1935 679 2002 foreml
715 1936 775 2002 sibi
793 1936 927 2022 quisque
943 1939 1086 2025 profecto

146 2032 194 2086 est
212 2021 304 2086 deus:
321 2019 446 2105 ignavis
463 2021 611 2106 precibus
628 2021 772 2087 Fortuna
789 2034 955 2109 repugnat

146 2107 244 2171 altera
261 2105 445 2169 iamdudum
463 2127 616 2171 succensa
632 2107 781 2193 cupidine
798 2118 886 2173 tanto

145 2191 277 2278 perdere
293 2191 461 2276 gauderet,
478 2192 701 2277 quodcumque
719 2193 858 2260 obstaret
874 2195 983 2261 amori.

145 2288 177 2342 et
195 2299 251 2343 cur
268 2278 333 2342 ulla
349 2276 431 2342 foret
448 2298 499 2342 me
516 2278 646 2343 fortior?
662 2279 709 2345 ire
725 2301 783 2365 per
799 2279 889 2366 ignes

145 2373 178 2427 et
194 2361 316 2448 gladios
333 2361 449 2427 ausiml
475 2385 535 2429 nec
551 2364 585 2428 in
601 2364 663 2429 hoc
680 2376 787 2431 tamen
803 2365 932 2466 ignibus
948 2366 1021 2433 ullis

145 2459 200 2513 aut
217 2447 331 2532 gladiis
348 2469 428 2534 opus
446 2459 509 2525 est3
527 2470 607 2534 opus
625 2461 674 2515 est
690 2450 768 2515 mihi
785 2473 871 2516 crine
887 2463 1029 2537 paterno.

143 2533 199 2597 illa
215 2531 293 2597 mihi
310 2543 358 2597 est
375 2554 453 2598 auro
468 2534 644 2619 pretiosior,
661 2535 717 2601 illa
734 2536 860 2602 beatam

143 2640 205 2704 pur
227 2639 285 2681 ura
301 2640 353 2682 me
370 2618 498 2702 votiqne
515 2620 577 2684 mei
594 2620 719 2686 factura
735 2633 905 2706 potentem.

216 2702 278 2767 alia
295 2702 411 2769 dicenti
428 2725 575 2769 curarum
592 2706 733 2771 maxima
748 2707 856 2771 nutrix

142 2809 208 2852 nox
224 2787 406 2864 intervenit,
423 2789 624 2873 tenebrisque
642 2792 776 2857 audacia
793 2793 900 2858 crevit.

142 2873 246 2960 prima
262 2873 352 2957 quies
369 2874 492 2949 aderat,
510 2896 575 2958 qua
591 2876 674 2941 curis
691 2877 776 2941 fessa
793 2877 912 2942 diurnis

142 2969 272 3058 pectora
288 2980 417 3023 somnus
434 2958 540 3024 habet.
585 2958 740 3026 thalamos
758 2962 914 3027 taciturna
931 2975 1078 3050 paternos

141 3054 252 3120 intrat,
270 3055 301 3108 et
317 3043 380 3108 heu
397 3043 535 3109 facinusl
562 3042 650 3109 fatali
666 3057 742 3111 nata
758 3059 921 3131 parentem

142 3128 228 3193 crine
245 3149 339 3193 suum
356 3129 484 3214 spoliat,
501 3129 683 3215 praedaque
699 3132 801 3216 potita
816 3134 955 3199 nefanda

143 3213 220 3301 [fert
240 3239 348 3282 secum
366 3219 502 3303 spolium
521 3218 658 3294 sceleris,
676 3241 908 3304 progressaque
925 3215 1028 3305 porta]

143 3324 202 3390 per
218 3302 339 3366 medios
356 3301 524 3367 hostes-
539 3302 643 3368 meriti
660 3302 778 3366 fiducia
793 3312 882 3367 tanta
899 3316 947 3367 est
964 3339 1007 3350 —

144 3386 347 3474 pervenitad
365 3409 482 3470 regem.
514 3409 609 3471 quem
627 3386 672 3451 sic
689 3387 799 3451 adfata
815 3399 982 3486 paventem
1000 3399 1062 3454 est:

144 3472 258 3537 ‘suasit
275 3492 365 3535 amor
380 3471 513 3536 facinus.
556 3472 661 3558 proles
678 3494 739 3557 ego
757 3495 845 3557 regia
862 3471 932 3537 Nisi
1183 3494 1216 3545 90

144 3557 254 3642 Scylla
270 3556 327 3621 tibi
343 3556 435 3620 trado
452 3556 636 3641 patriaeque
652 3578 804 3640 meosque
821 3557 969 3624 Penates.

142 3642 284 3729 praemia
300 3641 388 3705 nulla
404 3653 492 3726 peto,
510 3642 570 3707 nisi
587 3655 628 3707 te.
672 3663 751 3727 cape
767 3642 884 3728 pignus
901 3642 1016 3708 amoris

141 3749 337 3814 purpureum
355 3726 483 3792 crinem.
513 3749 584 3793 nec
600 3750 652 3793 me
669 3749 755 3792 nunc
771 3727 894 3794 tradere
911 3728 1041 3805 crinem,

143 3814 199 3878 sed
216 3812 354 3898 patrium
372 3811 429 3876 tibi
447 3812 540 3877 crede
557 3812 673 3898 caput,’
691 3813 907 3896 scelerataque
924 3814 1037 3879 dextra

141 3920 274 3963 munera
291 3896 440 3982 porrexit.
470 3896 580 3962 Minos
597 3910 743 3999 porrecta
759 3898 887 3982 refugit,
1181 3918 1212 3972 aa

140 3982 349 4065 turbatusque
365 3981 442 4048 novi
458 3982 619 4068 respondit
635 3984 700 4047 ima
734 4006 775 4049 ne
791 3982 882 4049 facti:

139 4067 189 4133 ‘di
206 4078 238 4134 te
255 4077 489 4149 summoveant,
507 4089 527 4135 o
543 4069 643 4137 nostri
658 4007 790 4137 intimis
807 4068 913 4149 saecli,
1027 4125 1029 4130 ,
