2800 4500
242 253 285 323 84
574 268 608 323 Ρ.
628 265 753 325 OVIDII
769 266 932 326 NASONIS

173 415 224 463 435
242 401 435 478 pectoraque
451 389 485 456 in
502 400 613 457 tenues
631 390 750 458 abeunt
767 392 901 458 evanida
918 391 1013 456 rivos.

242 476 316 544 deni
337 500 379 542 ue
395 480 453 562 pro
470 477 543 541 vivo
562 476 686 542 vitiatas
705 476 859 564 sanguine
877 499 975 542 venas
1071 546 1073 552 A

240 498 372 649 lympha
389 563 489 639 subit,
506 572 668 646 restatque
684 563 778 639 nihil,
796 562 883 646 quod
898 562 1054 648 prendere
1071 559 1184 647 possis.

282 648 411 714 Interea
427 647 564 732 pavidae
580 647 775 731 nequiquam
791 648 857 712 filia
873 647 967 712 matri

241 733 388 798 omnibus
405 744 455 798 eat
470 733 576 809 terris,
594 734 680 797 omni
697 734 841 816 quaesita
856 732 1026 819 profundo.

172 839 224 889 440
240 819 327 884 illam
344 839 410 883 non
426 819 498 884 udis
516 818 646 884 veniens
663 819 793 883 Aurora
810 818 932 919 capillis

241 914 418 971 cessantem
434 903 528 981 vidit,
545 925 610 968 non
627 903 803 988 Hesperus.
846 905 901 969 illa
918 904 1043 969 duabus

239 989 444 1055 flammiferas
460 989 554 1075 pinus
572 989 719 1054 manibus
737 989 901 1055 succendit
918 989 959 1054 ab
976 990 1085 1054 Aetna

240 1097 361 1162 perque
378 1073 544 1161 pruinosas
561 1074 634 1139 tulit
649 1073 826 1158 inrequieta
842 1074 999 1141 tenebras.

239 1184 364 1234 rursus,
382 1159 438 1225 ubi
456 1160 539 1225 alma
556 1159 624 1225 dies
642 1159 807 1226 hebetarat
824 1160 944 1237 sidera,
961 1170 1069 1225 natam

163 1269 221 1321 ‚445
240 1247 314 1312 solis
332 1247 373 1309 ab
390 1266 505 1310 occasu
523 1245 597 1310 solis
614 1245 788 1329 quaerebat
805 1245 848 1310 ad
865 1256 962 1311 ortus.

238 1333 325 1397 fessa
340 1331 448 1396 labore
467 1332 551 1395 sitim
569 1343 772 1416 conceperat,
789 1351 908 1415 oraque
925 1330 1004 1395 nulli

240 1418 414 1483 colluerant
431 1417 549 1494 fontes,
568 1439 641 1482 cum
659 1427 776 1482 tectam
793 1416 943 1482 stramine
960 1416 1040 1482 vidit

239 1501 321 1567 forte
338 1524 445 1567 casam
462 1523 640 1587 parvasque
656 1502 742 1567 fores
759 1501 907 1588 pulsavit.
950 1501 1074 1569 atinde

170 1656 171 1661 γ
239 1587 343 1674 prodit
360 1610 441 1652 anus
459 1588 628 1672 divamque
645 1587 732 1652 videt
747 1586 975 1673 lymphamque
992 1586 1118 1673 roganti

171 1695 222 1743 450
241 1673 332 1738 dulce
350 1672 452 1749 dedit,
470 1684 553 1738 tosta
570 1673 656 1757 quod
674 1683 796 1739 texerat
813 1685 887 1738 ante
904 1673 1041 1759 polenta.

240 1759 317 1823 dum
333 1757 415 1823 bibit
430 1759 486 1823 illa
503 1759 628 1836 datum,
645 1758 717 1823 duri
734 1781 813 1844 puer
830 1757 893 1823 oris
910 1769 942 1824 et
959 1759 1065 1823 audax
1141 1776 1262 1844 (staua.)

240 1843 380 1921 constitit
396 1854 469 1908 ante
487 1844 580 1910 deam
596 1843 729 1928 risitque
746 1844 936 1927 avidamque
952 1844 1088 1909 vocavit.

239 1929 362 1994 offensa
379 1940 441 2006 est,
458 1950 563 2013 neque
581 1928 686 1994 adhuc
704 1940 799 2015 epota
815 1940 905 2016 parte
922 1930 1105 2013 loquentem

211 2088 213 2092 ,
239 2037 313 2080 cum
329 2015 449 2098 liquido
466 2015 566 2079 mixta
583 2015 725 2101 perfudit
741 2013 816 2080 diva
832 2016 970 2101 polenta.

169 2120 220 2171 455
240 2099 391 2166 combibit
407 2122 443 2165 os
460 2102 617 2179 maculas,
635 2110 767 2185 atquae
784 2100 879 2166 modo
898 2099 1044 2166 bracchia
1061 2100 1170 2185 gessit,

240 2209 333 2253 crura
373 2186 445 2265 erit3
464 2186 567 2252 cauda
584 2197 633 2253 est
649 2186 779 2253 mutatis
797 2186 906 2252 addita
923 2184 1072 2253 membris
1077 2210 1087 2265 3
1153 2259 1156 2264 Δ

238 2274 335 2357 inque
349 2209 483 2338 brevem
499 2274 650 2350 formam,
667 2296 710 2339 ne
727 2272 768 2339 sit
785 2272 834 2338 vis
850 2294 969 2358 magna
984 2272 1130 2351 nocendi,

239 2357 444 2435 contrahitur,
461 2380 624 2445 parvaque
640 2357 745 2423 minor
761 2380 911 2423 mensura
926 2357 1045 2424 lacerta
1056 2368 1119 2428 est.

239 2445 407 2509 mirantem
422 2445 614 2527 flentemque
632 2453 664 2509 et
680 2455 813 2544 tangere
829 2454 971 2509 monstra
987 2460 1151 2529 parantem
1252 2485 1256 2493 ι

170 2549 221 2598 460
239 2529 323 2614 fugit
340 2552 437 2593 anum
454 2529 673 2614 latebramque
689 2540 782 2615 petit3
801 2539 975 2616 aptumque
993 2529 1091 2594 colori

239 2636 355 2680 nomen
371 2614 482 2693 habet,
501 2615 596 2680 variis
614 2615 757 2680 stellatus
775 2636 908 2701 corpora
924 2614 1033 2700 guttis.

283 2698 374 2782 Quas
389 2700 449 2766 dea
465 2722 523 2786 per
539 2711 639 2766 terras
652 2711 685 2767 et
702 2721 782 2784 quas
794 2700 947 2766 erraverit
960 2699 1074 2777 undas,
1111 2698 1235 2778 (Cerfflfl

239 2786 345 2851 dicere
361 2785 459 2872 longa
474 2807 565 2851 mora
580 2797 639 2851 est.
675 2785 841 2871 quaerenti
858 2785 960 2851 defuit
972 2783 1066 2850 orbis
1082 2766 1120 2818 Pr
1122 2782 1178 2818 ΟΜ
1178 2767 1263 2836 praa.)

206 2917 208 2920 ·
240 2870 401 2938 Sicaniam
417 2894 451 2937 re
474 2870 544 2946 etit,
571 2871 712 2956 dumque
743 2870 850 2937 omnia
866 2871 980 2937 lustrat
997 2868 1113 2948 eundo,

169 2977 221 3026 465
239 2957 326 3023 venit
343 2967 375 3023 et
391 2956 433 3021 ad
451 2894 595 3043 llyanen.
639 2979 678 3023 ea
693 2955 729 3022 ni
745 2968 868 3022 mutata
883 2957 1006 3033 fuisset,

239 3043 346 3109 omnia
361 3053 530 3108 narrasset.
574 3042 631 3108 sed
648 3053 680 3109 et
697 3065 734 3108 os
751 3043 911 3128 etlingua
926 3041 1045 3107 volenti

240 3129 344 3194 dicere
360 3150 426 3194 non
443 3127 590 3205 aderant,
607 3149 667 3194 nec
684 3149 749 3211 quo
766 3129 948 3213 loqueretur
963 3126 1112 3193 habebat.

239 3214 331 3301 signa
347 3225 453 3280 tamen
471 3213 640 3280 manifesta
657 3213 759 3291 dedit,
776 3224 947 3298 notamque
964 3212 1088 3299 parenti

238 3301 293 3365 illo
309 3299 391 3365 forte
407 3301 478 3365 loco
495 3299 658 3384 delapsam
675 3299 709 3364 in
725 3299 853 3386 gurgite
871 3320 961 3364 sacro

170 3406 222 3455 470
238 3384 460 3472 Persephones
477 3407 593 3450 zonam
610 3384 743 3450 summis
760 3385 897 3451 ostendit
913 3384 947 3449 in
964 3384 1069 3449 undis.

238 3492 337 3555 quam
354 3470 449 3535 simul
467 3470 611 3555 agnovit,
627 3481 792 3554 tamquam
808 3480 885 3535 tunc
902 3469 1039 3553 denique
1055 3480 1180 3555 raptam

239 3557 364 3633 scisset,
382 3555 544 3621 inornatos
561 3554 693 3620 laniavit
710 3556 785 3620 diva
802 3555 943 3641 capillos,

239 3652 271 3706 et
287 3641 422 3727 repetita
439 3640 504 3705 suis
521 3640 678 3726 percussit
694 3651 824 3726 pectora
840 3640 964 3726 palmis.

238 3726 340 3792 nescit
356 3725 475 3802 adhuc,
492 3726 549 3791 ubi
566 3726 621 3791 sit:
639 3737 740 3791 terras
756 3736 864 3792 tamen
879 3725 1022 3827 increpat
1038 3746 1149 3791 omnes

170 3832 221 3881 «175
238 3811 443 3897 ingratasque
460 3823 554 3876 vocat
570 3834 630 3877 nec
647 3812 779 3897 frugum
794 3834 926 3879 munere
943 3811 1070 3897 dignast

239 3895 438 3960 Trinacriam
454 3906 528 3962 ante
544 3897 637 3974 alias,
654 3896 688 3960 in
706 3917 770 3980 qua
786 3897 921 3985 vestigia
938 3896 1047 3962 damni

240 3979 389 4065 repperit.
433 4001 509 4066 ergo
525 3980 590 4046 illic
607 4003 704 4046 saeva
720 3982 876 4048 vertentia
892 3981 1024 4069 glaebas

174 4120 179 4158 ἰ
240 4064 337 4153 fregit
354 4075 459 4139 aratra
475 4086 587 4146 manu,
604 4066 760 4164 parilique
777 4067 858 4146 irata
875 4069 1003 4136 colonos
