2800 4500
9 3927 13 4012 l

9 4017 11 4070 l

235 248 304 318 ’254
441 265 444 271 “
483 263 486 269 ’
524 260 931 322 'feovmn'unsoms
1096 259 1105 269 ⁹

170 411 220 460 820
237 388 414 476 impavidus
434 388 616 454 conscendit
634 408 732 472 equos
751 386 913 453 Gradivus
931 397 963 453 et
978 387 1044 453 ictu

237 474 377 540 verberis
394 474 564 559 increpuit,
582 494 765 558 pronusque
782 496 839 558 per
856 479 931 538 ae‘ra
946 473 1055 558 lapsus

238 559 378 626 constitit
393 559 427 624 in
444 581 568 624 summo
585 558 744 623 nemorosi
761 558 841 625 colle
857 558 977 624 Palati:

237 644 484 728 reddentemque
501 666 559 710 suo
572 655 640 708 tum
658 643 747 729 regia
763 643 833 709 iura
850 642 969 724 Quiriti

168 756 171 763 ¹
239 730 368 796 abstulit
385 730 517 795 lliaden.
560 750 675 812 corpus
692 729 826 794 mortale
843 751 901 814 per
917 751 1011 795 auras

171 838 220 887 825
238 816 395 901 dilapsum
412 826 537 891 tenues,
547 837 606 880 ceu
614 817 680 879 lata
689 813 840 899 plumbea
856 814 956 878 funda

238 902 335 966 missa
352 901 432 965 solet
448 899 553 964 medio
569 900 661 984 glans
679 899 875 964 intabescere
893 898 992 964 eaelo.

260 986 372 1051 ulchra
389 984 474 1050 subit
490 984 588 1049 facies
606 995 638 1049 et
655 984 873 1069 pulvinaribus
891 985 963 1049 altis

238 1009 271 1137 di
316 1072 373 1148 ior,
402 1079 434 1134 et
456 1069 559 1153 qualis
576 1069 709 1134 trabeati
726 1069 829 1133 forma
847 1067 974 1151 Quirini
992 1081 1050 1134 est.¹

310 1157 397 1234 lebat
412 1166 450 1220 ut
467 1155 617 1220 amissum
635 1154 784 1219 coniunx.
811 1176 884 1219 cum
901 1156 990 1241 regia
1006 1156 1089 1220 Iuno
1136 1170 1262 1225 Herculia.

170 1265 221 1316 830
239 1243 304 1307 Irin
324 1242 365 1306 ad
382 1241 554 1305 Hersiliam
572 1240 764 1305 descendere
781 1239 879 1304 limite
897 1262 994 1305 curvo

239 1328 373 1413 imperat
389 1337 422 1390 et
438 1347 558 1390 vacuae
576 1347 635 1389 sua
652 1325 697 1389 sic
715 1325 865 1403 mandata
881 1325 1013 1391 referre:

239 1422 274 1478 ‘o
292 1411 381 1478 etde
399 1411 509 1486 Latia,
527 1433 546 1476 o
564 1423 596 1475 et
613 1411 765 1496 degente
784 1408 906 1477 Sabina

238 1497 458 1584 praecipuum,
475 1506 631 1573 matrona,
650 1495 762 1573 decus,
781 1496 966 1582 dignissima
982 1496 1062 1561 tanti
1103 1524 1105 1526 ·

170 1611 172 1615 ¹
240 1595 313 1648 ante
331 1582 430 1647 fuisse
447 1581 520 1658 viri,
539 1581 677 1646 coniunx
694 1602 780 1647 nunc
797 1603 867 1646 esse
884 1580 1022 1662 Quirini,

172 1691 221 1741 835
240 1669 314 1734 siste
332 1679 403 1732 tuos
420 1667 512 1732 fletus
531 1678 576 1743 et,
594 1666 620 1731 si
638 1666 696 1731 tibi
714 1688 791 1731 cura
806 1666 935 1732 videndi

240 1753 383 1838 coniugis
400 1762 461 1828 est,
479 1753 560 1817 duce
577 1773 628 1817 me
644 1752 753 1817 lucum
771 1762 858 1837 pete,
876 1753 955 1817 colle
974 1751 1100 1833 Quirini

240 1838 295 1922 qui
312 1839 393 1903 viret
409 1849 441 1903 et
458 1838 611 1923 templum
629 1837 766 1903 Romani
782 1837 867 1923 regis
885 1837 1073 1902 obumbrat?

240 1935 329 2010 paret
346 1935 378 1989 et
395 1923 428 1987 in
445 1934 561 1989 terram
578 1923 680 2009 pictos
698 1923 828 2011 delapsa
844 1945 902 2008 per
918 1944 1010 1988 arcus

240 2009 412 2075 Hersiliam
429 2008 523 2079 iussis
540 2008 710 2094 compellat
726 2008 858 2073 vocibus
876 2008 947 2073 Iris.

172 2119 223 2169 840
240 2096 294 2160 illa
311 2094 489 2160 verecundo
507 2094 562 2160 vix
578 2095 691 2160 tollens
708 2093 829 2158 lumina
846 2094 936 2159 vultu

240 2188 274 2245 ‘o
292 2182 352 2247 dea
368 2178 520 2265 (namque
537 2180 615 2244 mihi
631 2201 691 2245 nec
708 2199 791 2263 quae
808 2179 851 2243 sis
867 2180 972 2245 dicere
989 2191 1170 2267 promptum
1187 2191 1246 2259 est,

240 2280 272 2334 et
287 2268 388 2351 liquet
404 2288 474 2332 esse
491 2266 609 2352 deam),
627 2266 704 2342 duc,
723 2287 742 2330 o
760 2265 838 2331 duc'
855 2265 958 2349 inquit
975 2272 1021 2331 ‘et
1038 2266 1118 2331 offer

240 2352 384 2437 coniugis
401 2372 457 2416 ora
473 2351 560 2425 mihi.
604 2372 687 2435 quae
704 2350 843 2416 simodo
865 2373 958 2436 posse
975 2351 1084 2416 videre

171 2469 174 2482 ‹
240 2438 308 2502 fata
325 2436 420 2501 semel
439 2436 595 2511 dederint,
613 2436 737 2501 caelum
754 2436 914 2522 accepisse
931 2436 1083 2502 videbor!

173 2546 222 2595 845
241 2544 300 2587 nec
317 2542 421 2598 mora,
439 2520 611 2585 Romuleos
630 2544 704 2586 curn
720 2520 844 2607 virgine
861 2522 1083 2587 Thaumantea

241 2606 416 2693 ingreditur
433 2606 539 2671 colles.
570 2606 616 2671 ibi
633 2606 721 2670 sidus
738 2606 780 2670 ab
798 2607 925 2673 aethere
941 2608 1067 2694 lapsum

241 2692 358 2758 decidit
374 2691 408 2755 in
424 2703 537 2768 terras,
556 2715 575 2755 a
592 2692 682 2756 cuius
698 2692 819 2757 lumine
834 2692 973 2777 flagrans

240 2774 380 2838 Hersilia
397 2773 551 2840 aetherias
569 2797 642 2848 cum
659 2775 763 2841 sidere
781 2778 876 2843 cessit
891 2778 925 2841 in
942 2800 1045 2841 auras.

174 2908 177 2920 s
240 2856 323 2922 hanc
340 2855 486 2921 manibus
502 2857 586 2921 notis
603 2858 769 2924 Romanae
786 2860 929 2925 conditor
945 2861 1033 2927 urbis

172 2965 223 3015 850
240 2941 357 3027 excipit
374 2952 406 3007 et
422 2941 561 3027 priscum
577 2943 695 3028 pariter
711 2966 785 3009 oum
802 2966 933 3031 corpore
949 2968 1065 3013 nomen

240 3038 340 3092 mutat
353 3029 540 3112 Horamque
553 3039 655 3106 vocat,
669 3050 752 3112 quae
765 3052 851 3096 nunc
865 3032 925 3097 dea
937 3032 1045 3098 iuncta
1054 3033 1190 3115 Quirino
1203 3048 1263 3104 est.

359 3326 361 3333 s
432 3337 435 3342 .
497 3298 614 3354 LIBER
630 3300 801 3365 QUINTUS
817 3301 995 3359 DECIMUS.

239 3456 414 3539 Quaeritur
429 3455 564 3534 interea,
582 3456 653 3540 quis
671 3467 778 3523 tantae
795 3459 936 3543 pondera
952 3460 1044 3526 molis
1160 3480 1262 3539 Numa.

182 3553 184 3557 ’
239 3542 392 3608 sustineat
409 3551 560 3625 tantoque
576 3553 673 3626 queat
689 3543 859 3608 succedere
875 3545 953 3628 regi.

239 3627 376 3692 destinat
391 3626 523 3712 imperio
541 3629 662 3692 clarum
679 3628 867 3713 praenuntia
883 3631 950 3694 veri

177 3765 179 3774 .
238 3713 325 3777 fama
341 3712 491 3776 Numam.
533 3733 599 3777 non
614 3713 667 3777 ille
684 3713 761 3778 satis
778 3735 932 3800 cognosse
951 3714 1090 3784 Sabinae

204 3818 220 3865 c
238 3797 342 3881 gentis
360 3796 456 3861 habet
473 3796 565 3864 ritus:
584 3797 689 3862 animo
707 3797 827 3863 maiora
845 3800 953 3885 capaci

238 3880 375 3965 concipit
392 3892 437 3957 et,
455 3903 538 3966 quae
555 3883 596 3947 sit
612 3906 718 3948 rerum
736 3894 863 3963 natura,
880 3886 1021 3969 requirit.

239 3963 333 4028 huius
350 3986 565 4045 amorcurae,
582 3967 685 4052 patria
702 3965 906 4055 Curibusque
922 3971 1049 4050 relictis,

238 4046 327 4127 fecit,
345 4058 380 4112 ut
397 4049 548 4116 Herculei
564 4063 742 4138 penetraret
759 4054 800 4119 ad
817 4055 948 4144 hospitis
966 4057 1088 4127 urbem.
