2800 4500
269 245 334 315 212
601 259 635 317 P.
655 257 780 316 OVIDII
796 256 961 317 NASONIS

200 404 252 453 tto
269 404 329 451 nec
346 392 454 451 tamen
470 380 617 460 ulterius,
635 403 733 468 quam
749 381 845 449 fortia
861 382 947 448 facta
964 378 1095 460 silendo,

268 470 405 535 ulciscor
421 469 549 535 fratresz
567 468 669 534 solida
686 480 735 535 est
751 469 829 534 mihi
845 466 950 556 gratia
965 467 1092 534 tecum!

311 557 404 621 Haec
420 566 588 641 postquam
606 553 691 619 dulci
709 554 841 620 Nele‘tus
858 553 958 621 edidit
973 575 1039 632 ore,

268 664 289 705 a
306 661 451 706 sermone
468 640 553 705 senis
570 639 705 725 repetito
722 662 853 707 munere
871 638 993 705 Bacchi

268 746 432 792 surrexere
449 725 526 791 toris
531 749 541 803 3
558 746 623 789 nox
641 736 690 790 est
707 725 782 790 data
799 736 905 791 cetera
921 745 1042 790 somno.
1294 770 1297 778 ι

200 834 250 882 oto
310 812 358 877 At
371 810 460 887 deus,
470 832 643 894 aequoreas
656 809 711 893 qai
726 810 857 897 cuspide
869 821 1023 896 temperat
1036 809 1149 886 undas,
1172 825 1295 880 Achilles.

268 897 302 960 in
319 897 481 962 volucrem
499 917 613 982 corpus
630 896 696 961 nati
714 895 950 963 Pha'e'thontida
966 917 1093 962 versum

268 993 375 1047 mente
392 981 478 1048 dolet
494 980 613 1068 patria,
631 1002 826 1065 saevumque
841 999 975 1082 perosus
991 980 1152 1067 Achillem

269 1079 394 1151 exercet
412 1088 567 1133 memores
584 1067 656 1153 plus
675 1088 771 1151 quam
789 1067 923 1133 civrliter
938 1065 1012 1132 iras.

268 1153 396 1237 iamque
413 1153 480 1219 fere
497 1163 598 1218 tracto
615 1151 679 1216 duo
696 1174 755 1238 per
768 1152 988 1304 {uinquennia
1004 1151 1098 1229 bello,

200 1259 252 1310 teo
269 1238 386 1303 talibus
403 1239 565 1304 intonsum
582 1238 750 1324 compellat
795 1236 936 1303 minthea
953 1237 1059 1303 dictis:

269 1330 303 1388 ‘o
321 1323 399 1388 mihi
416 1323 456 1390 de
473 1322 579 1389 fratris
595 1323 691 1409 longe
708 1322 887 1424 gratissime
904 1321 997 1399 natis,

268 1408 357 1474 irrita
374 1409 428 1493 qui
445 1431 572 1474 mecum
588 1409 722 1495 posuisti
738 1408 866 1476 moenia
882 1407 1009 1486 Troiae,

269 1493 399 1579 ecquid,
417 1494 473 1559 ubi
490 1493 549 1559 has
564 1493 694 1559 iamiam
712 1516 840 1560 casuras
858 1494 974 1581 aspicis
991 1514 1091 1572 arces,

268 1579 423 1664 ingemis?
440 1590 495 1644 aut
512 1578 628 1664 ecquid
643 1590 691 1645 tot
707 1579 911 1646 defendentia
927 1601 1036 1646 muros

201 1687 251 1737 585
270 1665 357 1730 milia
374 1687 467 1730 caesa
484 1664 592 1731 doles?
609 1664 740 1749 ecquid,
756 1688 798 1731 ne
815 1687 988 1751 persequar
1004 1686 1124 1743 omnes,

271 1750 420 1816 Hectoris
438 1750 552 1816 umbra
569 1749 655 1816 subit
672 1750 792 1816 circum
809 1773 869 1817 sua
884 1750 1046 1836 Pergama
1062 1750 1172 1816 tracti?

269 1858 343 1902 cum
360 1847 468 1901 tamen
483 1836 537 1902 ille
553 1836 645 1902 ferox
661 1836 808 1921 belloque
826 1836 985 1903 ementior
1000 1836 1012 1901 i
1036 1857 1072 1901 so

269 1920 349 1987 vivit
365 1921 484 1999 adhuc,
501 1921 606 2008 operis
621 1922 722 1989 nostri
739 1922 918 2023 populator,
935 1921 969 1987 A
1033 1923 1091 1987 les.

270 2006 324 2072 det
339 2006 418 2071 mihi
435 2029 483 2073 se:
501 2007 588 2084 faxo,
605 2005 721 2094 triplici
738 2006 817 2092 qmd
834 2006 965 2092 cuspide
981 2005 1111 2093 possim,
1165 2056 1168 2062 -

201 2112 253 2162 oso
270 2092 394 2159 sentiat.
437 2105 471 2159 at
488 2092 638 2177 quoniam
655 2114 843 2160 concurrere
860 2093 1036 2158 comminus
1052 2091 1136 2165 hosti

269 2200 333 2242 non
351 2177 455 2257 datur,
472 2179 597 2245 occulta
612 2179 804 2281 necopinum
821 2178 919 2266 perde
936 2177 1080 2265 sagittaI'
1166 2230 1170 2236 .

270 2263 380 2330 adnuit
397 2276 492 2349 atque
510 2265 615 2330 animo
628 2277 750 2416 pariter
761 2276 943 2415 patruoque
960 2285 1082 2349 suoque

269 2349 384 2415 Delius
401 2350 570 2437 indulgens
587 2373 628 2416 ue
650 2352 705 2416 ula
721 2373 761 2416 ve
774 2351 896 2416 atusin
913 2357 1029 2436 agmen
1294 2395 1296 2399 »

269 2434 413 2520 pervenit
428 2436 578 2514 Iliacum,
594 2436 764 2519 mediaque
781 2435 815 2500 in
832 2435 929 2502 caede
946 2434 1086 2502 virorum
1170 2487 1173 2492 ,
1294 2465 1297 2470 ⁴

201 2542 252 2591 ⁶95
269 2543 342 2602 rara
381 2544 415 2587 er
431 2519 557 2606 ignotos
574 2533 778 2607 spargentem
795 2522 893 2587 cernit
911 2520 1054 2587 Achivos

269 2608 333 2671 tela
348 2544 474 2683 Parim
491 2606 659 2691 fassusque
676 2607 773 2671 deum
791 2606 883 2691 ‘quid
900 2606 1145 2692 spicula‘perdis

270 2692 425 2778 sanguine
442 2692 575 2778 plebisi’
594 2692 649 2757 ait,
692 2692 734 2756 ‘si
751 2713 816 2775 qua
833 2703 882 2758 est
899 2692 957 2756 tibi
974 2713 1051 2757 cura
1066 2703 1204 2769 tuorum,

269 2789 391 2843 vertere
408 2778 442 2846 in
460 2776 624 2843 Aeaciden
641 2798 813 2863 caesosque
830 2777 982 2844 ulciscere
998 2776 1141 2845 fratresI’

270 2862 350 2927 dixit
367 2873 412 2940 et,
430 2862 600 2929 ostendens
616 2873 809 2929 sternentem
826 2862 942 2929 Troica
958 2862 1042 2929 ferro

203 2970 254 3019 eoo
272 2969 406 3034 corpora
421 2947 572 3026 Peliden,
590 2970 682 3014 arcus
701 2948 837 3014 obvertit
854 2949 887 3013 in
904 2949 1004 3025 illum,

270 3044 419 3117 certaque
436 3033 561 3099 letifera
578 3033 693 3099 direxit
710 3034 831 3119 spicula
848 3034 970 3099 dextra.

269 3118 356 3203 quod
373 3118 522 3183 Priamus
539 3120 679 3204 gaudere
697 3142 796 3185 senex
811 3131 883 3205 post
901 3121 1042 3184 Hectora
1057 3129 1175 3204 posset,

269 3205 330 3269 hoc
347 3203 418 3269 fuit.
461 3204 514 3269 ille
531 3204 630 3289 igitur
646 3215 807 3269 tantorum
823 3204 934 3280 victor,
951 3205 1089 3282 Achille,

248 3353 250 3361 s
269 3290 371 3355 victus
389 3312 423 3355 es
441 3312 461 3354 a
478 3289 589 3355 timido
607 3288 727 3355 Graiae
744 3302 870 3375 raptore
887 3290 1033 3357 maritae!

201 3393 250 3444 605
269 3386 302 3439 at
319 3375 344 3439 si
362 3374 499 3440 femineo
517 3375 621 3440 fuerat
636 3375 695 3439 tibi
713 3375 820 3440 Marte
837 3374 1026 3454 cadendum,

270 3459 559 3526 Thermodontiaca
575 3460 686 3525 malles
704 3460 854 3525 cecidisse
873 3460 1011 3546 bipenni.

268 3546 334 3611 iam
350 3545 444 3610 timor
460 3546 513 3610 ille
530 3545 713 3631 Phrygum,
731 3544 828 3611 decus
845 3558 877 3611 et
893 3548 993 3612 tutela
1008 3545 1138 3632 Pelasgi
1196 3630 1198 3634 ι

268 3629 420 3709 nominis,
437 3630 610 3704 Aeacides,
628 3640 724 3732 caput
741 3630 812 3694 insu
836 3631 952 3696 erabile
971 3632 1064 3708 bello,

249 3777 253 3786 s
269 3726 400 3781 arserat.
421 3727 558 3781 armarat
575 3714 654 3781 deus
670 3715 757 3780 idem
761 3762 772 3793 ,
787 3715 800 3780 i
822 3737 936 3800 emque
953 3726 1119 3783 cremarat.

201 3820 252 3871 olo
268 3800 334 3865 iam
351 3801 429 3866 cinis
447 3812 509 3878 est3
527 3813 559 3866 et
576 3801 616 3867 de
633 3812 699 3866 tam
718 3821 835 3887 magno
852 3812 949 3868 restat
967 3802 1094 3869 Achille
1295 3861 1298 3864 ,

269 3885 376 3949 nescio
393 3884 484 3969 quid,
502 3908 634 3971 parvam
651 3885 738 3970 quod
755 3906 818 3950 non
837 3886 919 3952 bene
936 3888 1093 3973 compleat
1110 3909 1233 3957 urnam,

269 3980 303 4033 at
319 3968 412 4044 vivit,
429 3980 531 4034 totum
549 3993 632 4055 quae
648 3971 751 4057 gloria
767 3973 924 4058 compleat
941 3972 1061 4038 orbem.
1143 4038 1147 4046 ,

270 4052 349 4118 haec
365 4053 411 4117 illi
428 4075 577 4122 mensura
593 4056 662 4123 viro
678 4056 864 4144 respondet,
881 4070 913 4125 et
929 4057 991 4125 hae
1007 4070 1070 4127 est.
1136 4125 1138 4130 t
