2800 4500
294 281 662 342 METAMORPHOSEON
677 282 752 337 LIB.
771 282 822 339 IX.
841 283 986 341 ato-m
1090 267 1152 336 153

130 408 233 475 arcuit
248 409 345 494 inque
360 407 459 494 pedes
476 407 611 474 mutavit
627 405 776 472 bracchia
793 407 931 494 primos:
983 423 985 429 ’
1038 418 1044 431 ’

130 495 298 560 strenuitas
314 494 445 579 antiqua
462 503 583 571 manet3
601 515 661 559 nec
678 504 769 578 terga
786 493 922 558 colorem
1170 513 1220 563 ano

130 580 263 646 amisere
280 602 388 646 suum:
406 578 510 645 forma
526 589 574 644 est
591 578 715 645 diversa
731 576 839 664 priori.

130 687 213 750 quae
230 666 305 749 quia
321 664 467 730 mendaci
484 664 660 751 parientem
675 664 800 729 iuverat
817 684 881 742 ore,
1103 724 1110 738 ,.

129 772 185 816 ore
202 752 298 852 parit3
314 761 502 834 nostrasque
519 750 645 828 domos,
662 759 699 814 ut
717 760 750 815 et
765 759 853 827 ante,
870 749 1072 833 frequentat'

171 835 266 900 Drxrt
282 848 314 902 et
329 835 494 901 admonitu
511 835 627 902 veteris
644 846 803 900 commota
819 834 982 903 ministrae
1106 852 1220 921 Dryope.

129 921 294 1008 ingemuit
324 942 422 1006 quam
439 921 485 987 sic
501 942 600 986 nurus
618 930 666 986 est
683 919 792 985 adfata
809 919 982 986 dolentem:
1171 942 1221 992 aaa

130 1013 177 1074 ‘to
193 1018 310 1085 tamen,
328 1030 348 1073 o
388 1007 525 1084 enetrix,
543 1005 664 1071 alienae
682 1029 702 1070 a
720 1005 875 1091 sanguine
892 1017 1000 1073 nostro

129 1103 221 1179 rapta
236 1103 344 1159 movet
359 1029 467 1159 Facies.
511 1091 589 1176 quid
605 1091 633 1156 si
650 1090 709 1156 tibi
725 1091 806 1159 mira
822 1092 938 1157 sororis

129 1178 197 1243 fata
212 1199 303 1244 meae
319 1177 474 1243 referam?
498 1198 692 1262 quamquam
708 1177 919 1261 lacrimaeque
936 1176 1088 1265 dolorque
1152 1213 1154 1216 ⁴

128 1262 306 1351 impediunt
321 1262 551 1349 prohibentque
567 1262 664 1346 loqui.
708 1262 770 1328 fuit
786 1262 881 1328 unica
896 1264 990 1329 matri

129 1348 196 1431 (me
212 1360 303 1435 pater
320 1371 364 1418 ex
378 1347 441 1414 alia
456 1348 581 1435 genuit)
597 1348 763 1413 notissima
778 1347 882 1413 forma

130 1431 343 1502 Oechalidum
359 1433 503 1519 Dryope.
547 1455 644 1518 quam
660 1434 841 1519 virginitate
858 1445 1018 1501 carentem

128 1520 258 1605 vimque
275 1520 327 1586 dei
343 1542 470 1605 passam
486 1519 632 1605 Delphos
649 1518 833 1602 Delumque
849 1519 984 1587 tenentis

129 1605 247 1692 excipit
262 1604 480 1680 Andraemon,
499 1615 531 1670 et
547 1604 683 1670 habetur
700 1604 836 1691 coniuge
853 1603 940 1671 felix.

129 1701 178 1757 est
194 1692 297 1767 heus,
315 1691 442 1757 acclivis
461 1690 583 1756 devexo
600 1689 744 1776 margine
761 1689 898 1755 formam

128 1776 228 1842 litoris
245 1775 401 1842 efficienst
418 1799 579 1841 summum
596 1786 734 1860 myrteta
750 1786 913 1841 coronant.

128 1874 260 1928 venerat
276 1860 340 1927 huc
355 1861 490 1947 Dryope
506 1860 645 1927 fatorum
662 1860 784 1938 nescia,
801 1881 928 1945 quoque

128 1947 294 2035 indignere
310 1947 428 2032 magis,
445 1946 595 2033 nymphis
611 1945 716 2011 latura
732 1966 879 2011 coronas:

128 2033 226 2116 inque
243 2032 315 2097 sinu
331 2054 481 2118 puerum,
499 2031 553 2116 qui
571 2030 713 2097 nondum
729 2031 915 2116 impleverat
931 2055 1060 2113 annum,

130 2118 222 2183 dulce
239 2116 363 2189 serebat
380 2139 460 2182 onus
477 2116 640 2203 tepidique
657 2138 718 2202 ope
734 2115 825 2181 lactis
844 2116 958 2183 alebat.

127 2203 215 2270 haud
231 2202 344 2290 procul
360 2225 381 2267 a
397 2213 510 2288 stagno
528 2201 643 2288 Tyrios
659 2201 783 2268 imitata
800 2202 920 2268 colores

127 2290 162 2356 in
178 2312 269 2376 spem
286 2289 437 2355 bacarum
454 2288 587 2354 florebat
603 2287 751 2372 aquatica
766 2288 858 2354 lotos.

129 2386 291 2462 carpserat
307 2374 381 2444 hin'c
398 2373 546 2460 Dryope,
565 2396 646 2458 quos
663 2374 875 2440 oblectamina
891 2385 965 2440 nato

7 2461 9 2466 ’
152 2461 319 2546 orrigeret,
335 2459 439 2526 flores.
483 2471 515 2525 et
531 2459 617 2525 idem
633 2458 760 2525 factura
775 2458 907 2525 videbar

128 2484 281 2630 lhamque
298 2545 457 2630 aderam):
475 2544 541 2610 vidi
558 2556 666 2631 guttas
683 2565 702 2611 e
719 2545 797 2611 flore
814 2557 961 2611 cruentas

128 2631 289 2707 decidere,
307 2643 339 2700 et
356 2630 491 2696 tremulo
508 2652 613 2696 ramos
630 2630 760 2696 horrore
777 2631 907 2696 moveri.

129 2716 262 2793 scilicet,
278 2728 316 2781 ut
333 2716 475 2782 referunt
491 2715 574 2781 tardi
591 2737 677 2782 nunc
693 2715 831 2800 denique
848 2739 868 2781 a
891 2728 1000 2795 restes,

129 2801 221 2868 Lotis
239 2801 273 2866 in
289 2802 372 2867 hanc
389 2800 544 2888 nymphe,
562 2801 690 2887 fugiens
708 2801 847 2867 obscena
862 2739 983 2887 Dnapi,

130 2887 305 2952 contulerat
322 2908 445 2964 versos,
463 2896 589 2954 servato
606 2885 748 2962 nomine,
766 2887 884 2952 vultus.

128 2971 285 3038 nescierat
301 2993 389 3037 soror
404 2972 479 3050 hoc;
497 2993 580 3056 quae
598 2991 671 3038 cum
689 2971 855 3057 perterrita
871 2981 955 3039 rotro

130 3057 176 3131 ire
194 3068 227 3123 et
243 3056 379 3122 adoratis
396 3059 493 3124 vellet
509 3056 671 3123 discedere
688 3055 848 3143 nymphis,

129 3142 299 3208 haeserunt
314 3141 420 3207 radice
437 3143 546 3229 pedes.
591 3142 769 3208 convellere
786 3152 924 3229 pugnat:

7 3283 10 3290 .
128 3250 189 3294 nec
206 3227 389 3312 quicquam,
407 3228 469 3293 nisi
485 3250 610 3293 summa
626 3237 748 3292 movet:
766 3227 940 3293 subcrescit
956 3229 997 3293 ab
1014 3229 1079 3295 imo

129 3325 258 3397 totaque
275 3311 428 3398 paulatim
444 3314 548 3380 lentus
565 3313 681 3399 premit
696 3312 829 3397 inguina
846 3325 964 3379 cortex.

128 3411 165 3466 ut
182 3399 275 3476 vidit,
293 3408 406 3466 conata
421 3421 519 3463 manu
535 3399 655 3464 laniare
672 3398 813 3484 capillos,

128 3484 242 3551 fronde
259 3505 391 3548 manum
407 3483 563 3569 implevit3
580 3482 710 3549 frondes
727 3493 822 3569 caput
839 3505 932 3550 omne
949 3485 1110 3554 tenebant.
1171 3510 1220 3561 sss

129 3580 163 3635 at
202 3592 260 3636 uer
276 3565 623 3654 Amphissustnamque
640 3568 702 3633 hoc
719 3591 797 3634 avus
815 3567 958 3655 Eurytus
975 3570 1021 3636 illi

129 3593 294 3722 addiderat
310 3658 442 3737 nomen)
458 3664 600 3721 materna
616 3653 774 3741 rigescere
791 3653 887 3720 sentit

129 3739 243 3818 ubera,
260 3762 321 3805 neo
339 3739 481 3821 sequitur
498 3740 666 3806 ducentem
683 3740 803 3806 lacteus
820 3761 922 3806 umor.

129 3825 299 3911 spectatrix
315 3824 445 3890 aderam
461 3823 519 3888 fati
537 3825 672 3891 crudelis
689 3846 846 3911 opemque

128 3932 193 3976 non
209 3923 353 3996 poteram
370 3909 428 3975 tibi
445 3908 542 3987 ferre,
560 3931 663 3987 soror3
681 3922 899 3994 quantumque
917 3912 1073 3992 valebam,
1169 3932 1220 3983 aco

129 4006 321 4070 crescentem
338 4009 485 4061 truncum
502 4016 670 4079 mmosque
687 3996 835 4081 amplexa
852 3996 1013 4064 morabar:

128 4090 175 4160 et,
191 4079 303 4159 fateor,
320 4080 407 4147 volui
425 4078 486 4146 sub
503 4079 615 4154 eodem
632 4081 748 4153 cortice
766 4080 869 4151 condi.
