2800 4500
249 282 313 352 102
577 293 611 352 P.
631 292 756 354 OVIDII
772 291 934 354 NASONIS

179 441 229 490 545
247 420 402 522 proiecto,
420 428 476 486 tua
492 417 577 485 faeta
593 419 720 504 loquare
739 419 766 485 si
783 414 875 506 copia
892 419 994 496 detur,

246 531 281 572 m
297 507 433 656 pergulas
450 506 589 582 veniam3
607 506 635 571 si
652 505 740 571 silvis
758 507 867 571 clausa
883 505 1024 582 tenebor,

247 592 344 677 imple
367 613 386 655 o
404 592 500 657 silvas
517 602 549 657 et
567 592 693 657 conscia
711 614 789 656 saxa
804 590 955 656 movebo:

248 677 357 743 audiet
373 677 453 744 haec
470 677 579 744 aether
595 687 628 743 et
645 677 672 742 si
689 677 768 742 deus
786 677 871 742 ullus
888 676 921 741 in
937 675 992 741 illo
1009 675 1078 742 est?

202 784 204 789 ·
247 763 364 828 talibus
381 763 429 828 ira
445 763 505 829 feri
522 773 690 848 postquam
709 772 867 828 commota
883 761 1009 848 tyranni

179 869 229 918 550
246 870 306 914 550
322 849 426 913 minor
442 848 503 913 hac
519 859 622 915 metus
640 859 702 927 est,
721 870 817 913 causa
833 848 1012 913 stimulatus
1030 858 1174 933 utraque,

248 957 312 1019 quo
329 934 390 999 fuit
406 934 581 1013 accinctus,
599 935 717 1020 vagina
732 933 846 998 liberat
863 956 981 1012 ensem,

248 1043 319 1086 arre
341 1030 470 1105 tamque
488 1042 579 1085 coma
594 1021 685 1084 flexis
702 1030 775 1105 post
792 1029 883 1106 terga
899 1018 1023 1084 lacertis

249 1044 354 1171 vincla
370 1105 437 1191 pati
455 1105 550 1191 cogit.
592 1105 739 1191 iugulum
756 1103 935 1170 Philomela
951 1104 1085 1191 parabat

247 1213 400 1278 spemque
418 1215 494 1257 suae
511 1190 620 1256 mortis
638 1191 706 1255 viso
724 1201 911 1276 conceperat
929 1212 1014 1256 ense.

157 1298 159 1302 ·
179 1297 229 1346 555
247 1277 299 1343 ille
316 1277 536 1363 indignantem
553 1288 585 1342 et
601 1298 717 1341 nomen
735 1275 834 1361 patris
851 1297 952 1360 usque
969 1287 1136 1342 vocantem

246 1363 481 1447 luctantemque
497 1361 586 1446 loqui
602 1383 821 1447 comprensam
838 1360 959 1447 forcipe
975 1361 1118 1448 linguam

248 1448 378 1513 abstulit
395 1471 471 1514 ense
487 1447 566 1513 fero.
609 1447 700 1512 radix
718 1447 814 1512 micat
830 1446 942 1511 ultima
957 1446 1096 1534 linguae,

246 1534 318 1619 ipsa
333 1535 415 1599 iacet
432 1544 598 1617 terraeque
614 1544 752 1598 tremens
768 1532 978 1597 inmurmurat
995 1544 1092 1599 atrae.

247 1630 346 1702 utque
363 1619 455 1686 salire
473 1621 553 1684 solet
568 1618 733 1683 mutilatae
751 1618 853 1682 cauda
870 1617 1029 1694 colubrae,

179 1725 230 1775 550
246 1704 380 1854 palpitat
397 1716 429 1770 et
445 1703 582 1770 moriens
600 1703 747 1770 dominae
764 1702 900 1788 vestigia
916 1704 1049 1787 quaerit

270 1812 308 1855 oo
325 1811 453 1874 quoque
469 1800 542 1876 post
558 1789 683 1855 facinus
699 1825 745 1836 —
756 1788 811 1852 vix
829 1787 929 1853 ausim
948 1790 1076 1856 credere
1093 1826 1137 1840 -
1153 1791 1254 1858 femur

248 1898 344 1962 saepe
362 1898 420 1941 sua
436 1877 577 1941 lacerum
594 1875 746 1961 repetisse
763 1873 894 1939 libidine
911 1890 1047 1961 corpus.¹

247 1961 381 2027 sustinet
397 1961 439 2026 ad
455 1960 606 2047 Prognen
623 1972 696 2046 post
712 1959 788 2025 talia
804 1959 890 2026 facta
906 1961 1031 2038 reverti,

247 2046 382 2134 coniuge
401 2068 483 2131 quae
501 2047 569 2111 viso
586 2069 773 2132 germanam
790 2045 922 2130 quaerit.
966 2057 1001 2111 at
1016 2048 1069 2114 ille

179 2150 229 2200 555
248 2132 303 2198 dat
319 2131 456 2218 gemitus
473 2132 563 2198 fictos
582 2143 823 2216 commentaque
839 2131 953 2196 funera
969 2144 1085 2199 narrat.

246 2229 279 2284 et
294 2218 442 2285 lacrimae
458 2217 563 2286 fecere
579 2217 685 2284 fidem.
729 2217 887 2285 velamina
903 2216 1032 2305 Progne

247 2304 362 2390 deripit
379 2327 419 2370 ex
436 2304 554 2369 umeris
572 2326 650 2369 auro
667 2304 824 2389 fulgentia
839 2305 903 2368 lato

246 2389 451 2474 induiturque
469 2401 553 2455 atras
570 2400 675 2454 vestes
692 2401 725 2454 55
740 2389 835 2455 inane
852 2389 1032 2475 sepulcrum

247 2475 409 2540 constituit
424 2474 577 2560 falsisque
593 2474 721 2560 piacula
731 2474 884 2539 Manibus
901 2473 997 2539 infert

179 2579 230 2629 550
247 2571 279 2625 55
294 2561 384 2646 luget
401 2582 465 2624 non
483 2560 529 2624 sic
544 2559 703 2646 lugendae
720 2559 787 2624 fata
804 2559 928 2625 sororis.
1015 2599 1017 2604 ,

247 2645 339 2731 signa
356 2646 435 2710 deus
451 2645 501 2711 bis
519 2667 576 2710 sex
592 2656 664 2710 acto
681 2645 870 2710 lustraverat
886 2667 979 2710 anno.

247 2731 324 2815 quid
341 2730 439 2795 faciat
454 2729 653 2796 Philomela?
669 2729 781 2815 fugam
799 2730 943 2796 custodia
960 2730 1093 2811 claudit,

246 2826 366 2881 structa
381 2816 487 2903 rigent
503 2816 603 2880 solido
620 2815 816 2880 stabulorum
833 2816 959 2881 moenia
976 2838 1067 2895 saxo;

247 2923 283 2966 os
300 2911 423 2966 mutum
441 2901 518 2967 facti
536 2912 622 2966 caret
638 2901 752 2966 indice.
796 2902 917 2988 grande
934 2900 1051 2966 doloris

179 2987 409 3073 reingerium
427 2998 490 3064 est,
508 2986 694 3070 miserisque
713 2985 800 3052 venit
816 2985 955 3052 sollertia
970 2987 1076 3052 rebus.

247 3072 381 3137 stamina
399 3072 564 3137 barbarica
581 3071 746 3157 suspendit
762 3072 877 3137 callida
893 3072 957 3138 tela

246 3179 483 3260 purpureasque
499 3168 590 3222 notas
608 3157 669 3222 filis
686 3157 819 3223 intexuit
838 3157 929 3234 albis,

245 3243 397 3309 rndicium
414 3243 554 3319 sceleris,
572 3243 776 3328 perfectaque
793 3242 922 3307 tradidit
938 3242 1005 3319 uni,

246 3339 344 3413 utque
362 3329 445 3394 ferat
461 3328 622 3406 dominae,
640 3339 734 3414 gestu
751 3340 852 3415 rogat.
894 3327 946 3393 ille
965 3339 1077 3430 rogata

178 3433 229 3482 550
246 3414 376 3500 pertulit
393 3414 434 3478 ad
451 3413 617 3500 Prognen,
634 3435 694 3478 nec
712 3413 771 3478 scit
788 3413 865 3498 quid
882 3414 984 3478 tradat
1001 3438 1034 3478 rn
1051 3414 1122 3480 illis.

246 3499 364 3566 evolvit
380 3510 485 3564 vestes
503 3500 590 3564 saevi
606 3510 751 3563 matrona
768 3500 893 3583 tyranni

245 3606 479 3671 germanaeque
497 3608 572 3651 suae
590 3606 717 3650 carmen
734 3583 913 3650 miserabile
929 3583 1008 3671 legit

245 3681 279 3736 et
294 3668 424 3750 (mirum
441 3670 597 3755 potuisse)
615 3670 694 3735 silet.
739 3670 829 3734 dolor
845 3692 901 3735 ora
916 3670 1076 3756 repressit,

246 3754 406 3838 verbaque
424 3755 587 3839 quaerenti
605 3755 681 3820 satis
698 3754 897 3840 indignantia
913 3755 1042 3841 linguae

177 3860 227 3912 585
245 3840 427 3907 defuerunt:
444 3862 504 3906 neo
519 3842 595 3907 flere
612 3850 719 3918 vacat,
737 3839 794 3905 sed
810 3839 923 3924 fasque
939 3841 1092 3925 nefasque

245 3925 416 3991 confusura
432 3925 508 4003 ruit,
526 3947 711 4012 poenaeque
727 3926 761 3991 in
778 3925 915 4012 imagine
933 3936 1001 3991 tota
1017 3939 1074 3993 est.

246 4088 250 4094 v
287 4011 428 4096 Tempus
446 4022 528 4088 erat,
546 4032 610 4095 quo
628 4033 719 4076 sacra
735 4010 836 4076 solent
854 4011 1012 4078 trieterica
1027 4012 1148 4078 Bacchi
1214 4067 1217 4072 .

245 4094 409 4163 Sithoniae
426 4095 711 4176 celebrarenurus.
755 4119 820 4162 nox
837 4097 963 4178 conscia
981 4098 1088 4178 sacris,
