2800 4500
233 247 296 317 122
563 262 596 320 Ρ.
616 258 741 321 OVIDII
757 258 921 323 NASONIS

232 385 349 457 vertice
367 384 407 455 de
424 409 547 455 summo
565 411 689 476 semper
705 387 844 454 florentis
860 384 1007 474 Hymetti

232 477 319 542 lutea
334 496 428 541 mane
445 474 531 541 videt
548 475 648 562 pulsis
664 475 794 539 Aurora
810 474 948 541 tenebris

232 561 430 643 invitumque
446 562 539 647 rapit.
582 560 676 625 liceat
693 559 772 625 mihi
788 582 865 626 vera
880 559 999 625 referre

166 665 214 714 705
231 669 310 734 paee
327 646 416 712 deae.
460 646 546 730 quod
563 646 604 711 sit
619 668 711 712 roseo
729 645 908 731 spectabilis
926 667 990 723 ore,

232 732 318 817 quod
335 741 441 798 teneat
456 732 550 808 lucis,
567 742 674 797 teneat
692 730 829 796 confinia
845 729 956 808 noctis,

231 818 385 884 nectareis
403 817 490 901 quod
506 817 609 882 alatur
625 817 717 900 aquis
733 852 778 864 —
794 838 855 917 ego
872 815 1005 882 Procrin
1023 817 1185 881 amabam:

232 914 360 991 pectore
376 901 505 968 Procris
523 915 605 978 erat,
622 901 751 968 Procris
768 901 846 967 mrhi
863 924 989 988 semper
1005 901 1039 965 in
1056 924 1121 968 ore.

232 1011 323 1055 sacra
339 987 400 1054 tori
417 987 581 1071 coitusque
597 1008 698 1052 novos
716 987 934 1071 thalamosque
951 998 1093 1053 recentes

166 1090 215 1140 t10
232 1074 397 1162 primaque
414 1072 530 1139 deserti
546 1072 723 1140 referebam
741 1072 870 1139 foedera
886 1073 970 1138 lecti.

232 1171 319 1225 mota
336 1160 396 1224 dea
412 1172 461 1225 est
477 1169 509 1224 et
526 1158 626 1224 “siste
643 1168 730 1235 tuas,
747 1158 885 1260 ingrate,
902 1159 1061 1243 querelas:

202 1266 204 1269 ·
232 1245 367 1310 Procrin
384 1244 506 1310 hahel'’
524 1244 618 1321 dixit,
636 1244 749 1327 “quod
766 1267 793 1309 si
810 1267 883 1310 mea
898 1244 1034 1331 provida
1049 1267 1139 1312 mens
1157 1255 1216 1323 est,

231 1353 297 1396 non
314 1330 463 1395 hahuisse
479 1329 597 1407 voles‚'’
616 1351 732 1413 meque
748 1329 795 1394 illi
811 1329 893 1395 irata
908 1330 1037 1396 remisit

233 1418 310 1481 dum
327 1415 422 1481 redeo
439 1435 628 1499 mecumque
645 1415 724 1481 deae
741 1426 916 1480 memorata
932 1426 1079 1494 retracto,

167 1518 215 1567 715
235 1525 304 1568 esse
319 1511 424 1567 metus
442 1500 560 1585 eoepit,
575 1523 617 1566 ne
633 1500 705 1565 iura
720 1500 840 1586 iugalia
856 1501 996 1566 coniunx

233 1610 297 1653 non
314 1588 396 1652 bene
413 1596 578 1652 servasset
621 1585 719 1651 facies
736 1596 887 1670 aetasque
904 1585 1035 1653 iubebat

233 1673 362 1739 credere
379 1671 583 1737 adulteriumz
600 1670 813 1757 prohibebant
829 1670 957 1738 credere
973 1694 1088 1739 mores.

233 1759 290 1824 sed
306 1769 414 1823 tamen
431 1757 589 1835 afueram3
607 1757 664 1822 scd
682 1768 715 1823 et
731 1757 810 1823 haec
827 1767 909 1834 erat,
927 1759 1012 1823 unde
1028 1757 1184 1837 redibam,

233 1843 372 1909 criminis
389 1843 587 1929 exemplum3
604 1842 661 1908 sed
678 1853 793 1908 cuncta
810 1842 959 1909 timemus
975 1855 1127 1910 amantes.

168 1945 217 1996 770
234 1951 385 2014 quaerere
402 1929 488 2013 quod
505 1927 630 1994 doleam
646 1939 768 2006 statuo,
786 1928 940 2013 donisque
957 1929 1105 2016 pudicam

234 2015 401 2080 sollicitare
417 2013 523 2080 fidem.
565 2014 654 2079 favet
671 2013 746 2079 hnic
762 2014 891 2079 Aurora
907 2014 1012 2080 timori

233 2101 443 2184 immutatque
459 2122 564 2166 meam
581 2099 707 2183 (videor
723 2099 874 2185 sensisse)
891 2099 1037 2186 figuram.

232 2185 394 2252 Palladias
410 2186 483 2252 inco
501 2207 565 2251 non
583 2185 823 2272 cognoscendus
840 2185 995 2264 Athenas,

233 2273 455 2357 ingrediorque
473 2271 612 2337 domum.
656 2273 751 2357 culpa
767 2272 881 2337 domus
897 2271 967 2358 ipsa
982 2272 1112 2339 carebat

167 2375 216 2425 775
235 2370 384 2441 castaque
401 2358 493 2444 signa
510 2356 607 2421 dabat
623 2357 816 2439 dominoque
833 2368 902 2422 erat
917 2357 1013 2422 anxia
1029 2370 1130 2445 rapto.

234 2444 288 2508 vix
306 2443 395 2507 aditu
411 2465 469 2529 per
485 2443 571 2507 mille
588 2441 678 2508 dolos
695 2442 738 2507 ad
754 2440 949 2508 Erechthida
966 2442 1051 2509 facto

233 2540 270 2593 ut
286 2528 366 2604 vidi,
384 2527 524 2614 obstipui
541 2528 755 2611 meditataque
771 2549 873 2613 paene
890 2528 1004 2613 reliqui

233 2624 459 2699 temptamenta
475 2613 548 2678 fide.
591 2613 674 2679 male
691 2635 758 2690 me,
775 2612 853 2697 quin
870 2635 947 2678 vcra
962 2613 1089 2693 faterer,

233 2699 388 2775 continui;
405 2699 502 2775 male,
521 2697 611 2781 quin,
628 2710 665 2763 ut
682 2699 835 2785 oportuit,
852 2699 962 2764 osenla
978 2699 1103 2765 ferrem.

167 2802 216 2852 730
234 2783 330 2849 tristis
347 2795 415 2849 erat
435 2784 503 2867 (sed
519 2784 607 2849 nulla
624 2795 731 2849 tamen
748 2783 915 2849 formosior
931 2784 985 2849 illa

234 2892 303 2936 esse
320 2879 424 2955 potest
440 2868 534 2951 tristi)
552 2868 772 2954 desiderioque
790 2869 917 2936 dolebat

234 2954 377 3040 coniugis
395 2954 527 3041 abrepti.
570 2966 607 3021 tu
624 2954 748 3041 collige,
767 2955 869 3039 qualis
886 2955 1000 3033 inille,

233 3040 353 3118 Phoee,
371 3040 467 3105 decor
478 3039 593 3119 -therit,
610 3061 707 3125 quam
725 3040 771 3106 sic
788 3041 878 3106 dolor
893 3042 962 3127 ipse
980 3041 1122 3108 decebat.

234 3127 310 3209 quid
327 3125 477 3202 referam,
495 3126 642 3210 quotiens
659 3127 866 3211 temptamina
882 3136 990 3191 nostra
1006 3127 1115 3213 pudici

166 3231 214 3281 735
232 3212 427 3298 reppulerint
443 3212 566 3276 mores?
584 3212 730 3296 quotiens
748 3212 858 3298 “ego'’
877 3212 992 3277 dixerit
1009 3213 1090 3276 “uni

233 3321 355 3376 servor3
373 3296 566 3380 ubicumque
584 3307 646 3374 est,
664 3297 720 3361 uni
736 3319 809 3362 mea
825 3297 944 3383 gaudia
961 3298 1097 3363 servo''?

233 3384 284 3448 eui
302 3405 365 3448 non
382 3383 444 3448 ista
460 3382 523 3447 fide
540 3382 617 3447 satis
634 3382 830 3467 experientia
846 3403 924 3447 sano

231 3490 351 3553 magna
367 3468 468 3533 foret?
502 3489 567 3532 non
584 3490 655 3532 sum
674 3477 850 3545 contentus,
869 3479 900 3532 et
917 3466 950 3532 in
967 3491 1039 3533 mea
1056 3490 1165 3555 pugno

233 3554 378 3628 vulnera,
396 3552 473 3618 dum
492 3574 605 3618 census
623 3553 699 3617 dare
717 3574 768 3617 me
785 3573 843 3638 pro
860 3565 953 3618 nocte
970 3553 1127 3638 paciscere

166 3658 216 3707 740
232 3656 427 3719 muneraque
444 3638 591 3722 augendo
610 3637 737 3702 tandem
755 3636 901 3703 dubitare
918 3639 1018 3724 cc'e'gi

233 3722 391 3788 exclamo:
412 3729 524 3788 “nunc
541 3724 625 3787 ultor
642 3722 747 3787 adestl
769 3722 851 3787 male
869 3724 961 3789 fictus
979 3723 1103 3789 adulter

233 3829 327 3872 verus
345 3828 432 3871 eram
450 3808 597 3873 coniunx.
640 3830 702 3884 me,
720 3807 851 3893 perfida,
868 3820 947 3874 teste
965 3808 1111 3875 teneris.''

232 3892 288 3957 illa
304 3890 393 3955 nihil.
436 3893 532 3957 tacito
550 3894 770 3958 tantummodo
787 3893 871 3958 vieta
888 3894 1010 3979 pudore

233 3975 384 4040 insidiosa
400 3977 484 4040 malo
502 3997 575 4042 cum
592 3977 728 4064 coniuge
745 3978 853 4043 limina
869 3979 966 4065 fugit:

167 4082 215 4132 745
234 4059 419 4144 offensaque
435 4060 499 4125 mei
516 4084 617 4147 genus
635 4084 729 4130 omne
747 4086 860 4151 perosa
877 4064 1018 4130 virorum
