2800 4500
291 271 658 333 lOETAMORPHOSEON
674 270 748 331 LIB.
766 271 845 331 XIV.
864 272 992 330 28-115.
1091 255 1154 324 237

133 421 207 466 mox
224 399 336 467 eadem
353 399 494 465 Teucras
511 397 615 466 suerat
632 421 776 466 mersura
792 395 925 474 carinas,

130 487 163 551 ni
182 485 270 572 prius
287 485 321 551 in
338 485 519 572 scopulum,
537 484 594 569 qui
610 507 696 550 nunc
714 505 841 568 quoqne
858 504 973 547 saxeus
992 491 1089 558 extat,

132 571 356 637 transformata
371 570 463 636 foret.
507 571 672 657 scopulum
689 591 817 654 quoque
834 566 942 632 navita
959 566 1047 632 vitat
1173 586 1206 634 ⁷4

174 657 272 722 Hune
290 656 346 721 ubi
363 654 521 721 Troianae
537 656 632 721 remis
649 654 840 738 avidamque
858 649 1056 737 Charybdim
1113 667 1221 720 Aeaeae.

133 742 256 808 evicere
273 752 372 818 rates,
391 763 464 815 cum
480 740 544 805 iam
561 741 660 828 prope
677 740 752 805 litus
770 739 918 806 adessent

132 826 326 902 Ausonium,
344 825 485 912 Libycas
502 838 598 892 vento
614 826 796 892 referuntur
813 825 854 889 ad
872 845 953 888 oras.

133 911 202 977 exoi
225 911 250 977 it
265 913 401 977 Aenean
418 911 483 976 illic
500 910 670 994 animoque
688 911 857 995 domoque,

132 935 296 1062 narbone
313 996 481 1061 discidium
497 995 633 1097 Phrygii
649 996 753 1061 latura
769 994 884 1072 mariti,

133 1080 272 1148 Sidonis.
315 1081 411 1166 inque
428 1103 509 1168 pyra
525 1104 608 1147 saorr
625 1081 685 1146 sub
702 1080 841 1166 imagine
858 1079 945 1145 facta
1174 1096 1208 1147 80

132 1165 276 1232 incubuit
293 1166 389 1244 ferra,
407 1167 602 1252 deceptaque
621 1166 738 1253 decipit
756 1188 875 1232 omnes.

133 1274 241 1318 rursus
259 1251 433 1317 harenosae
449 1251 578 1338 fugiens
595 1274 678 1317 nova
694 1251 821 1316 moenia
838 1262 940 1317 terrae

133 1337 175 1401 ad
191 1338 363 1420 sedemque
380 1334 495 1423 Erycis
512 1337 675 1422 fidumque
692 1337 811 1404 relatus
828 1339 969 1402 Acesten

134 1422 289 1488 sacrificat
306 1422 465 1488 tumulum
486 1445 527 1488 ue
545 1424 595 1488 sui
612 1422 766 1509 genitoris
783 1422 927 1487 honorat.

131 1528 275 1593 quasque
292 1518 376 1573 rates
394 1507 454 1573 Iris
465 1444 608 1574 iunonis
624 1531 726 1594 paene
743 1518 909 1584 cremarat,
1174 1524 1208 1576 85

133 1592 241 1671 solvit,
259 1604 291 1659 et
308 1593 512 1680 Hippotadae
529 1616 563 1659 re
609 1617 665 1658 um
682 1604 846 1678 terrasque
863 1589 980 1658 calenti

132 1677 285 1764 sulphure
302 1679 461 1744 fumantes
478 1678 570 1745 Ache
584 1678 775 1764 oiadumque
792 1677 942 1762 relinquit

133 1760 282 1829 Sirenum
301 1763 457 1849 scopulos.
502 1764 677 1848 orbataque
693 1764 839 1850 praeside
856 1765 951 1849 pinus

132 1849 294 1914 Inarimen
310 1847 556 1934 Prochytenque
572 1849 651 1934 legit
667 1848 829 1931 sterilique
847 1850 966 1914 locatas

133 1934 212 2000 colle
229 1933 433 2012 Pithecusas,
451 1933 651 1999 habitantum
667 1933 795 1998 nomine
813 1934 922 1998 dictas.
1175 1951 1216 2001 oo*

155 2019 251 2104 uippe
269 2019 364 2083 deum
381 2018 506 2104 genitor
522 2018 669 2084 fraudem
685 2028 718 2084 et
734 2017 872 2104 periuria
888 2018 1049 2101 quondam
1069 2035 1226 2103 (Cercopea)

133 2040 315 2188 bercopum
333 2125 448 2169 exosus
465 2103 633 2189 gentisque
650 2102 790 2191 admissa
806 2103 944 2179 dolosae,

133 2187 167 2253 in
184 2188 324 2255 deforme
342 2189 426 2255 viros
443 2188 560 2255 animal
578 2188 726 2266 mutavit,
744 2199 780 2253 ut
796 2187 881 2254 idem

134 2274 300 2340 dissimiles
317 2272 437 2340 homini
453 2285 582 2361 possent
598 2274 780 2358 similesque
797 2274 926 2340 viderir.

134 2360 338 2444 membraque
356 2359 512 2426 contraxit
527 2382 684 2444 naresque
701 2383 721 2425 a
738 2359 842 2426 fronte
859 2360 989 2425 resimas
1174 2379 1207 2429 95

104 2509 108 2516 .
134 2444 277 2510 contudit
294 2457 326 2511 et
342 2445 430 2531 rugis
447 2447 607 2531 peraravit
623 2446 759 2511 anilibus
777 2468 846 2524 ora3
864 2502 866 2504 .

134 2542 262 2614 totaque
279 2531 400 2596 velatos
417 2532 547 2597 flaventi
564 2554 696 2618 corpora
712 2531 788 2596 villo

134 2617 220 2681 misit
236 2617 270 2681 in
286 2616 344 2683 has
362 2617 464 2683 sedes.
507 2640 647 2683 necnon
665 2616 753 2702 prius
771 2617 901 2682 abstulit
917 2639 1011 2682 usum

134 2702 303 2766 verborum
320 2713 352 2768 et
369 2713 462 2768 natae
480 2702 549 2767 dira
566 2701 598 2766 in
616 2702 754 2788 periuria
770 2701 913 2788 linguae:

96 2866 97 2869 Ἴ
134 2808 228 2872 posse
245 2788 334 2872 queri
350 2798 474 2853 tantum
491 2809 587 2852 rauco
605 2785 739 2852 stridore
756 2787 892 2870 reliquit.
1176 2807 1225 2856 loo

177 2874 248 2936 Has
265 2872 322 2937 ubi
339 2872 498 2959 praeteriit
516 2884 548 2937 et
564 2871 797 2958 Parthenopeia
814 2872 926 2936 dextra
1089 2870 1189 2939 Sibylla
1201 2879 1225 2924 εἰ

134 2958 260 3023 moenia
276 2957 429 3035 deseruit,
447 2958 538 3023 laeva
555 2957 595 3022 de
611 2967 701 3042 parte
719 2957 825 3022 oanori
1102 2941 1212 2992 Am·

134 3043 289 3108 Aeolidae
307 3044 464 3107 tumulum
482 3054 513 3107 et
530 3042 601 3108 loca
617 3042 684 3108 feta
699 3041 893 3128 palustribus
911 3040 1003 3119 ulvis,

134 3130 226 3195 litora
244 3126 419 3194 Cumarum
436 3127 620 3211 vivacisque
638 3140 729 3192 antra
748 3125 889 3212 Sibyllae

134 3215 228 3281 intrat
247 3225 293 3291 et,
310 3213 352 3278 ad
368 3213 485 3279 Manes
502 3214 609 3279 veniat
648 3236 683 3278 er
698 3215 831 3278 Averna
847 3223 1009 3298 paternos,
1176 3232 1225 3281 105

134 3313 213 3366 orat.
256 3310 289 3367 at
305 3298 360 3363 illa
378 3299 432 3363 diu
450 3299 574 3364 vultum
591 3235 703 3364 teilure
720 3310 878 3378 moratum
1081 3331 1083 3334 ·

134 3384 233 3452 erexit
250 3383 443 3467 tandemque
461 3384 520 3450 deo
538 3384 710 3449 furibunda
726 3395 853 3470 recepto

135 3480 266 3556 ‘magna
282 3469 383 3555 petis,'
403 3469 483 3534 dixit
499 3469 562 3534 ‘vir
578 3468 670 3534 factis
687 3470 839 3546 maxime,
857 3468 948 3535 ouius

134 3555 263 3620 dextera
279 3577 337 3640 per
353 3554 487 3631 ferrum,
504 3554 605 3640 pietas
622 3566 765 3641 spectata
781 3577 839 3641 per
855 3554 957 3640 ignes.

156 3660 215 3704 one
233 3651 354 3716 tamen,
371 3640 524 3718 Troiane,
541 3653 676 3706 metum:
694 3639 814 3740 potiere
831 3639 947 3726 petitis,

133 3662 322 3809 hrysiasque
339 3726 450 3790 domos
468 3736 499 3791 et
516 3748 615 3813 regna
631 3724 804 3793 novissima
819 3724 930 3790 mundi

132 3832 184 3874 me
202 3809 282 3875 duce
300 3832 471 3896 cognosces
489 3809 720 3895 simulacraque
737 3832 811 3876 cara
827 3809 978 3897 parentis.

132 3894 219 3959 invia
234 3894 343 3960 virtuti
359 3897 448 3960 nulla
464 3906 512 3960 est
528 3895 600 3961 via'
644 3896 723 3961 dixit
739 3907 772 3962 et
789 3918 866 3961 auro
949 3903 950 3906 ’

132 3980 309 4065 fulgentem
326 4003 448 4045 ramum
467 3980 547 4045 silva
563 3981 694 4047 Iunonis
712 3982 862 4047 Avernae

132 4065 334 4142 monstravit,
351 4065 505 4153 iussitque
522 4087 580 4131 suo
598 4066 746 4134 divellere
764 4078 885 4134 trunco.
1002 4151 1004 4156 y
