2800 4500
316 262 684 325 METAMORPHOSEON
700 265 774 321 LIB.
792 264 829 320 X.
847 263 976 322 91-178,

134 390 196 458 boc
212 390 293 478 petit
310 414 330 456 a
348 391 485 477 superis,
503 402 539 455 ut
556 388 697 477 tempure
713 389 823 475 lugeat
840 386 936 453 omni.

134 479 277 562 iamque,
293 499 351 562 per
367 476 537 543 immensos
555 486 664 562 egesto
683 473 837 560 sanguine
853 473 957 552 fletus,

134 564 169 629 in
186 562 319 627 viridem
336 563 417 627 verti
435 574 607 647 coeperunt
624 561 768 626 membra
785 558 938 636 colorem;

136 660 168 715 et
184 647 280 712 modo
297 647 352 731 qui
369 649 462 713 nivea
478 646 662 733 pendebant
677 645 782 710 fronte
800 642 916 730 capilli,

135 733 264 798 horrida
280 733 435 798 caesaries
452 732 536 809 lieri,
553 740 744 818 sumptoque
761 729 879 815 rigore'

136 818 294 884 sidereum
311 819 422 904 gracili
439 827 581 903 spectare
599 816 764 882 cacumine
781 814 914 880 caelum.
1178 834 1229 886 140

134 903 291 989 ingemuit
306 902 464 988 tristisque
482 903 561 968 deus
576 902 626 967 ‘lu
650 902 743 967 ebere
760 899 853 965 nobis
870 964 873 971 s

134 988 323 1074 lugebisque
341 988 419 1053 alios
437 987 603 1072 aderisque
621 924 814 1052 dolentibus’
830 983 942 1069 inquit.

180 1074 260 1139 Tale
276 1096 389 1139 nemus
406 1084 496 1139 vates
514 1083 699 1149 attraxerat,
715 1071 813 1156 inque
830 1070 970 1136 ferarum
1103 1085 1228 1155 orpheus.

137 1159 270 1225 concilio
288 1158 412 1224 medius
430 1157 525 1224 turba
541 1158 770 1241 volucrumque
789 1155 928 1222 sedebat.

137 1257 173 1309 ut
189 1244 266 1309 satis
283 1243 435 1330 impulsas
453 1243 618 1329 temptavit
634 1243 748 1328 pollice
766 1241 910 1319 chordas,
1180 1260 1228 1309 145

136 1341 170 1395 et
186 1328 284 1395 sensit
300 1328 418 1404 varios,
436 1329 582 1413 quamvis
600 1328 726 1394 diversa
743 1336 901 1404 sonarent,

137 1415 328 1480 concordare
344 1414 470 1489 modas,
487 1413 549 1479 hoc
565 1434 676 1479 vocem
694 1412 833 1478 carmine
850 1411 964 1479 movit:

180 1499 246 1563 ‘Ab
263 1499 355 1576 love,
373 1499 472 1564 Musa
488 1521 603 1585 parens
619 1534 663 1547 —-
679 1498 797 1564 cedunt
814 1497 900 1562 Iovis
918 1495 1025 1562 omnia
1041 1517 1141 1582 regno
1157 1533 1202 1544 -

138 1585 279 1651 carmina
294 1594 403 1648 nostra
419 1604 521 1649 move.
565 1584 651 1650 Iovis
669 1595 719 1649 est
735 1583 812 1647 mibi
831 1605 926 1669 saepe
943 1593 1084 1668 potestas

138 1670 223 1736 dicta
239 1669 341 1755 prius:
360 1669 460 1734 cecini
476 1670 596 1754 plectro
613 1669 760 1755 graviore
778 1666 936 1754 Gigantas
1180 1686 1230 1737 150

139 1775 312 1840 sparsaque
328 1754 515 1840 Phlegraeis
530 1754 674 1820 victricia
684 1753 826 1832 ,fulmina
843 1752 973 1839 campis.

137 1860 223 1906 nnnc
239 1861 321 1926 opus
339 1852 387 1904 est
403 1839 521 1904 leviore
537 1840 619 1924 lyra:
637 1860 817 1924 puerosque
835 1860 986 1904 canamus

139 1925 268 1990 dilectos
286 1925 424 2010 superis,
440 1924 695 2006 inconcessisque
712 1925 835 2010 puellas

138 2009 267 2095 ignibus
284 2009 433 2075 attonitas
449 2009 602 2074 meruisse
619 2008 750 2075 libidine
767 2030 913 2094 poenam.
1180 2028 1229 2078 154

180 2095 253 2160 Rex
269 2114 419 2179 superum
435 2093 570 2180 Phrygii
588 2094 750 2178 quondam
768 2091 966 2178 Ganymedis
984 2114 1091 2159 amore
1139 2091 1229 2160 Gany-

139 2180 228 2256 arsit3
247 2190 279 2244 et
293 2179 457 2244 inventum
475 2190 524 2244 est
541 2178 675 2265 aliquid,
692 2179 779 2264 quod
796 2179 939 2266 Iuppiter
956 2200 1035 2257 esse,
1137 2161 1229 2215 Μ’·

139 2288 235 2349 quarn
252 2264 339 2349 quod
356 2275 437 2342 erat,
455 2266 572 2330 mallet.
616 2265 705 2330 nulla
721 2275 828 2331 tamen
845 2265 919 2329 alite
936 2265 1017 2331 verti

139 2351 299 2437 dignatur,
315 2350 377 2415 nisi
394 2370 476 2434 quae
492 2361 600 2437 posset
616 2373 675 2416 sua
692 2350 827 2415 fulmina
843 2350 936 2416 ferre.

138 2458 199 2501 nec
215 2457 318 2500 mora:
335 2458 486 2521 percusso
502 2435 708 2501 mendacibus
725 2440 799 2501 aiire
814 2435 927 2523 pennis

140 2518 255 2607 abripit
271 2521 410 2598 iliadem
427 2521 484 2606 qui
499 2543 586 2587 nunc
603 2541 732 2606 quoque
748 2521 864 2608 pocula
879 2521 991 2587 miscet
1181 2542 1230 2593 100

139 2607 301 2691 invitaque
318 2607 388 2672 Iovi
405 2618 514 2672 nectar
530 2607 654 2673 Iunone
670 2607 836 2673 ministrat.
1005 2679 1007 2682 .

181 2692 230 2757 Te
239 2713 376 2776 quoque,
390 2692 570 2778 Amyclide,
578 2692 736 2778 posuisset
747 2690 781 2757 in
795 2692 922 2759 aethere
930 2692 1094 2770 Phoebus,
1113 2691 1230 2759 Hyacin-

139 2777 241 2843 tristia
258 2778 285 2842 si
302 2778 439 2863 spatium
456 2779 594 2864 penendi
611 2777 680 2843 fata
696 2777 866 2843 dedissent.
940 2822 942 2826 -
1139 2760 1204 2835 lim·

26 2886 27 2889 ¹
140 2862 308 2948 quaelicet,
325 2874 471 2929 aeternus
488 2873 594 2928 tamen
612 2885 660 2940 es}
678 2862 887 2947 quotiensque
903 2862 1027 2949 repellit

140 2970 196 3014 ver
213 2947 364 3024 hiemem,
381 2947 531 3033 Piscique
548 2948 644 3013 Aries
661 2948 804 3013 succedit
819 2969 949 3033 aquoso,
1182 2968 1230 3018 115

140 3044 176 3098 111
193 3034 307 3099 totiens
325 3034 422 3099 oreris
438 3033 596 3118 viridique
612 3033 646 3098 in
664 3033 803 3134 caespite
819 3033 923 3098 flores.

140 3130 173 3185 te
190 3141 280 3184 meus
297 3129 370 3184 ante
387 3140 497 3184 omnes
514 3119 639 3205 genitor
655 3117 775 3183 dilexit.
819 3129 851 3184 et
869 3119 947 3185 orbe
1033 3165 1035 3170 ,

33 3266 38 3284 ς
136 3203 174 3268 in
190 3204 295 3269 medio
312 3203 407 3290 positi
424 3216 595 3271 caruenmt
610 3202 756 3306 praeside
773 3202 902 3289 Delphi,

142 3290 218 3354 dum
237 3290 315 3354 deus
332 3289 476 3354 Eurotan
493 3290 757 3372 immunitumque
774 3289 955 3372 frequentat

142 3372 293 3458 Sparten:
310 3395 370 3439 nec
387 3375 526 3441 citharae
542 3397 601 3441 nec
619 3374 743 3440 suntin
759 3374 879 3439 honore
895 3373 1040 3460 sagittae.
1181 3394 1231 3445 170

142 3458 307 3523 immemor
322 3459 392 3544 ipse
409 3459 459 3523 sui
476 3480 541 3525 non
557 3460 637 3526 retia
654 3459 737 3525 ferre
754 3470 889 3540 recusat,

141 3563 205 3607 non
223 3544 361 3609 tenuisse
379 3566 487 3622 canes,
505 3567 570 3611 non
585 3568 644 3632 per
660 3546 738 3631 iuga
755 3542 870 3610 montis
886 3543 987 3628 iniqui

140 3626 188 3693 ire
205 3649 325 3706 comes;
342 3628 501 3715 longaque
518 3630 575 3695 alit
591 3630 795 3697 assuetudine
812 3630 966 3695 flammas.
1068 3643 1071 3652 '

141 3713 268 3796 iamque
285 3714 352 3780 fere
368 3714 492 3780 medius
509 3714 605 3780 Titan
622 3715 776 3798 venientis
794 3726 826 3780 et
843 3725 932 3780 actae

141 3799 242 3864 noctis
260 3810 342 3875 erat,
360 3799 524 3886 spatioque
541 3802 610 3887 pari
627 3801 766 3866 distabat
782 3801 954 3883 utrimque:
1181 3817 1229 3869 111

28 3916 30 3920 <
141 3894 273 3969 corpora
289 3895 378 3951 veste
394 3884 515 3962 levant,
532 3896 565 3950 et
581 3908 658 3951 suco
675 3885 803 3972 pinguis
820 3885 896 3950 olivi

71 4052 74 4058 Δ
140 3968 364 4054 splendescunt
379 3969 500 4053 latique
516 3970 628 4036 ineunt
644 3970 816 4037 certamina
835 3971 922 4036 disci.

140 4075 236 4139 quem
252 4056 340 4142 prius
358 4055 459 4121 aerias
477 4054 627 4130 libratum
642 4056 795 4122 Phoebus
812 4057 845 4122 in
863 4079 956 4124 auras

771 4201 826 4292 ff
841 4189 990 4303 1νὶοΒικτέι
1017 4208 1037 4262 Υ

759 4357 786 4464 ’χ
806 4344 827 4398 11
836 4333 1071 4465 “wilm
1102 4275 1117 4447 ,
