<?xml version="1.0" encoding="UTF-8"?>
<!DOCTYPE html PUBLIC "-//W3C//DTD XHTML 1.0 Transitional//EN"
    "http://www.w3.org/TR/xhtml1/DTD/xhtml1-transitional.dtd">
<html xmlns="http://www.w3.org/1999/xhtml" xml:lang="en" lang="en">
 <head>
  <title>
</title>
<meta http-equiv="Content-Type" content="text/html;charset=utf-8" />
  <meta name='ocr-system' content='tesseract 3.04.00' />
  <meta name='ocr-capabilities' content='ocr_page ocr_carea ocr_par ocr_line ocrx_word'/>
</head>
<body>
  <div class='ocr_page' id='page_1' title='image "./povidiinasonisc00unkngoog_0296.png"; bbox 0 0 2800 4500; ppageno 0'>
   <div class='ocr_carea' id='block_1_1' title="bbox 237 223 1076 304">
    <p class='ocr_par' dir='ltr' id='par_1_1' title="bbox 237 223 1076 304">
     <span class='ocr_line' id='line_1_1' title="bbox 237 223 1076 304; baseline 0.001 -10"><span class='ocrx_word' id='word_1_1' title='bbox 237 223 301 295; x_wconf 78' lang='lat'>194</span> <span class='ocrx_word' id='word_1_2' title='bbox 564 236 603 304; x_wconf 58' lang='lat' dir='ltr'>rr.</span> <span class='ocrx_word' id='word_1_3' title='bbox 621 236 747 294; x_wconf 85' lang='lat' dir='ltr'>ovmu</span> <span class='ocrx_word' id='word_1_4' title='bbox 763 234 926 295; x_wconf 79' lang='lat' dir='ltr'>uasorus</span> <span class='ocrx_word' id='word_1_5' title='bbox 986 250 1005 259; x_wconf 52' lang='lat'>&gt;·</span> <span class='ocrx_word' id='word_1_6' title='bbox 1057 245 1076 251; x_wconf 58' lang='grc'>·’</span> 
     </span>
    </p>
   </div>
   <div class='ocr_carea' id='block_1_2' title="bbox 85 359 1254 4118">
    <p class='ocr_par' dir='ltr' id='par_1_2' title="bbox 167 359 1066 619">
     <span class='ocr_line' id='line_1_2' title="bbox 167 359 1066 448; baseline -0.007 -14"><span class='ocrx_word' id='word_1_7' title='bbox 167 382 219 433; x_wconf 83' lang='grc'>580</span> <span class='ocrx_word' id='word_1_8' title='bbox 235 374 334 448; x_wconf 91' lang='lat' dir='ltr'>utque</span> <span class='ocrx_word' id='word_1_9' title='bbox 351 360 434 431; x_wconf 80' lang='lat' dir='ltr'>foret</span> <span class='ocrx_word' id='word_1_10' title='bbox 450 382 558 447; x_wconf 88' lang='lat' dir='ltr'>sospes</span> <span class='ocrx_word' id='word_1_11' title='bbox 576 360 715 426; x_wconf 91' lang='lat' dir='ltr'>coniunx</span> <span class='ocrx_word' id='word_1_12' title='bbox 732 382 809 425; x_wconf 87' lang='lat' dir='ltr'>snus</span> <span class='ocrx_word' id='word_1_13' title='bbox 826 370 923 446; x_wconf 88' lang='lat' dir='ltr'>utque</span> <span class='ocrx_word' id='word_1_14' title='bbox 941 359 1066 438; x_wconf 80' lang='lat' dir='ltr'>rediret,</span> 
     </span>
     <span class='ocr_line' id='line_1_3' title="bbox 235 445 998 535; baseline -0.005 -21"><span class='ocrx_word' id='word_1_15' title='bbox 235 449 380 535; x_wconf 89' lang='lat' dir='ltr'>optabat,</span> <span class='ocrx_word' id='word_1_16' title='bbox 397 447 581 530; x_wconf 85' lang='lat' dir='ltr'><strong>nullamque</strong></span> <span class='ocrx_word' id='word_1_17' title='bbox 598 446 659 511; x_wconf 87' lang='lat' dir='ltr'>sibi</span> <span class='ocrx_word' id='word_1_18' title='bbox 676 445 859 531; x_wconf 88' lang='lat' dir='ltr'>praeferret.</span> <span class='ocrx_word' id='word_1_19' title='bbox 902 456 935 510; x_wconf 89' lang='lat' dir='ltr'>at</span> <span class='ocrx_word' id='word_1_20' title='bbox 951 446 998 511; x_wconf 91' lang='lat' dir='ltr'>illi</span> 
     </span>
     <span class='ocr_line' id='line_1_4' title="bbox 235 531 986 619; baseline -0.007 -20"><span class='ocrx_word' id='word_1_21' title='bbox 235 534 296 599; x_wconf 89' lang='lat' dir='ltr'>hoc</span> <span class='ocrx_word' id='word_1_22' title='bbox 313 533 353 600; x_wconf 91' lang='lat' dir='ltr'>de</span> <span class='ocrx_word' id='word_1_23' title='bbox 371 544 418 598; x_wconf 90' lang='lat' dir='ltr'>tot</span> <span class='ocrx_word' id='word_1_24' title='bbox 434 531 516 597; x_wconf 92' lang='lat' dir='ltr'>votis</span> <span class='ocrx_word' id='word_1_25' title='bbox 532 543 656 617; x_wconf 88' lang='lat' dir='ltr'>poterat</span> <span class='ocrx_word' id='word_1_26' title='bbox 674 531 856 619; x_wconf 87' lang='lat' dir='ltr'>contingere</span> <span class='ocrx_word' id='word_1_27' title='bbox 874 532 986 596; x_wconf 88' lang='lat' dir='ltr'>solum.</span> 
     </span>
    </p>

    <p class='ocr_par' dir='ltr' id='par_1_3' title="bbox 277 616 1023 703">
     <span class='ocr_line' id='line_1_5' title="bbox 277 616 1023 703; baseline -0.001 -20"><span class='ocrx_word' id='word_1_28' title='bbox 277 620 326 683; x_wconf 90' lang='lat' dir='ltr'>At</span> <span class='ocrx_word' id='word_1_29' title='bbox 342 619 402 684; x_wconf 89' lang='lat' dir='ltr'>dea</span> <span class='ocrx_word' id='word_1_30' title='bbox 418 639 483 682; x_wconf 93' lang='lat' dir='ltr'>non</span> <span class='ocrx_word' id='word_1_31' title='bbox 499 619 583 683; x_wconf 90' lang='lat' dir='ltr'>ultra</span> <span class='ocrx_word' id='word_1_32' title='bbox 599 638 656 703; x_wconf 94' lang='lat' dir='ltr'>pro</span> <span class='ocrx_word' id='word_1_33' title='bbox 674 616 783 682; x_wconf 84' lang='lat' dir='ltr'>functo</span> <span class='ocrx_word' id='word_1_34' title='bbox 801 627 901 681; x_wconf 88' lang='lat' dir='ltr'>morte</span> <span class='ocrx_word' id='word_1_35' title='bbox 917 618 1023 702; x_wconf 90' lang='lat' dir='ltr'>rogari</span> 
     </span>
    </p>

    <p class='ocr_par' dir='ltr' id='par_1_4' title="bbox 159 701 1019 786">
     <span class='ocr_line' id='line_1_6' title="bbox 159 701 1019 786; baseline -0.005 -16"><span class='ocrx_word' id='word_1_36' title='bbox 159 754 162 769; x_wconf 37' lang='grc' dir='ltr'><em>ι</em></span> <span class='ocrx_word' id='word_1_37' title='bbox 236 705 377 770; x_wconf 82' lang='lat' dir='ltr'>sustinet.</span> <span class='ocrx_word' id='word_1_38' title='bbox 419 714 518 786; x_wconf 89' lang='lat' dir='ltr'>ntque</span> <span class='ocrx_word' id='word_1_39' title='bbox 535 724 648 767; x_wconf 85' lang='lat' dir='ltr'>manus</span> <span class='ocrx_word' id='word_1_40' title='bbox 664 702 807 767; x_wconf 80' lang='lat' dir='ltr'>funestas</span> <span class='ocrx_word' id='word_1_41' title='bbox 824 714 930 767; x_wconf 89' lang='lat' dir='ltr'>arceat</span> <span class='ocrx_word' id='word_1_42' title='bbox 946 701 1019 781; x_wconf 88' lang='lat' dir='ltr'>aris,</span> 
     </span>
    </p>

    <p class='ocr_par' dir='ltr' id='par_1_5' title="bbox 168 787 951 868">
     <span class='ocr_line' id='line_1_7' title="bbox 168 787 951 868; baseline -0.01 -8"><span class='ocrx_word' id='word_1_43' title='bbox 168 810 217 860; x_wconf 83' lang='grc'>585</span> <span class='ocrx_word' id='word_1_44' title='bbox 236 790 305 868; x_wconf 67' lang='lat' dir='ltr'>‘Iri</span> <span class='ocrx_word' id='word_1_45' title='bbox 322 789 427 854; x_wconf 89' lang='lat' dir='ltr'>meae&#39;</span> <span class='ocrx_word' id='word_1_46' title='bbox 447 788 526 852; x_wconf 83' lang='lat' dir='ltr'>dixit</span> <span class='ocrx_word' id='word_1_47' title='bbox 544 787 710 853; x_wconf 87' lang='lat' dir='ltr'>‘fidissima</span> <span class='ocrx_word' id='word_1_48' title='bbox 725 787 837 853; x_wconf 90' lang='lat' dir='ltr'>nuntia</span> <span class='ocrx_word' id='word_1_49' title='bbox 854 787 951 865; x_wconf 90' lang='lat' dir='ltr'>vocis,</span> 
     </span>
    </p>

    <p class='ocr_par' dir='ltr' id='par_1_6' title="bbox 124 872 957 1044">
     <span class='ocr_line' id='line_1_8' title="bbox 124 872 957 976; baseline -0.004 -36"><span class='ocrx_word' id='word_1_50' title='bbox 124 922 126 925; x_wconf 91' lang='lat'>-</span> <span class='ocrx_word' id='word_1_51' title='bbox 236 876 303 941; x_wconf 91' lang='lat' dir='ltr'>vise</span> <span class='ocrx_word' id='word_1_52' title='bbox 321 874 527 976; x_wconf 87' lang='lat' dir='ltr'>soporiferam</span> <span class='ocrx_word' id='word_1_53' title='bbox 545 872 657 939; x_wconf 85' lang='lat' dir='ltr'>Somni</span> <span class='ocrx_word' id='word_1_54' title='bbox 675 873 825 939; x_wconf 87' lang='lat' dir='ltr'>velociter</span> <span class='ocrx_word' id='word_1_55' title='bbox 842 873 957 950; x_wconf 88' lang='lat' dir='ltr'>aulam,</span> 
     </span>
     <span class='ocr_line' id='line_1_9' title="bbox 235 956 931 1044; baseline -0.007 -17"><span class='ocrx_word' id='word_1_56' title='bbox 235 961 429 1043; x_wconf 79' lang='lat' dir='ltr'>extinctique</span> <span class='ocrx_word' id='word_1_57' title='bbox 446 959 521 1024; x_wconf 85' lang='lat' dir='ltr'>iube</span> <span class='ocrx_word' id='word_1_58' title='bbox 539 956 654 1044; x_wconf 82' lang='lat' dir='ltr'>Ceycis</span> <span class='ocrx_word' id='word_1_59' title='bbox 671 957 810 1044; x_wconf 82' lang='lat' dir='ltr'>imagine</span> <span class='ocrx_word' id='word_1_60' title='bbox 827 959 931 1023; x_wconf 89' lang='lat' dir='ltr'>mittat</span> 
     </span>
    </p>

    <p class='ocr_par' dir='ltr' id='par_1_7' title="bbox 212 1043 1027 1196">
     <span class='ocr_line' id='line_1_10' title="bbox 212 1043 1027 1196; baseline -0.002 -86"><span class='ocrx_word' id='word_1_61' title='bbox 212 1043 369 1196; x_wconf 43' lang='lat' dir='ltr'>{amnia</span> <span class='ocrx_word' id='word_1_62' title='bbox 386 1045 427 1109; x_wconf 92' lang='lat' dir='ltr'>ad</span> <span class='ocrx_word' id='word_1_63' title='bbox 444 1045 612 1129; x_wconf 79' lang='lat' dir='ltr'>Alcyonen</span> <span class='ocrx_word' id='word_1_64' title='bbox 629 1065 720 1109; x_wconf 89' lang='lat' dir='ltr'>veros</span> <span class='ocrx_word' id='word_1_65' title='bbox 737 1045 898 1109; x_wconf 81' lang='lat' dir='ltr'>narrantia</span> <span class='ocrx_word' id='word_1_66' title='bbox 915 1043 1027 1110; x_wconf 67' lang='lat' dir='ltr'>casus?</span> 
     </span>
    </p>

    <p class='ocr_par' dir='ltr' id='par_1_8' title="bbox 161 1129 988 1207">
     <span class='ocr_line' id='line_1_11' title="bbox 161 1129 988 1207; baseline -0.004 -11"><span class='ocrx_word' id='word_1_67' title='bbox 161 1188 165 1207; x_wconf 35' lang='grc' dir='ltr'>ι</span> <span class='ocrx_word' id='word_1_68' title='bbox 249 1131 267 1207; x_wconf 41' lang='grc' dir='ltr'>ᾗ</span> <span class='ocrx_word' id='word_1_69' title='bbox 292 1142 368 1196; x_wconf 90' lang='lat' dir='ltr'>erat.</span> <span class='ocrx_word' id='word_1_70' title='bbox 412 1130 552 1194; x_wconf 86' lang='lat' dir='ltr'>induitur</span> <span class='ocrx_word' id='word_1_71' title='bbox 569 1129 727 1194; x_wconf 90' lang='lat' dir='ltr'>velamina</span> <span class='ocrx_word' id='word_1_72' title='bbox 743 1129 829 1194; x_wconf 86' lang='lat' dir='ltr'>mille</span> <span class='ocrx_word' id='word_1_73' title='bbox 846 1129 988 1194; x_wconf 90' lang='lat' dir='ltr'>colorum</span> 
     </span>
    </p>

    <p class='ocr_par' dir='ltr' id='par_1_9' title="bbox 168 1214 995 1387">
     <span class='ocr_line' id='line_1_12' title="bbox 168 1214 995 1300; baseline -0.008 -15"><span class='ocrx_word' id='word_1_74' title='bbox 168 1236 219 1285; x_wconf 84' lang='grc'>590</span> <span class='ocrx_word' id='word_1_75' title='bbox 237 1216 312 1294; x_wconf 79' lang='lat' dir='ltr'>Iris,</span> <span class='ocrx_word' id='word_1_76' title='bbox 329 1227 362 1282; x_wconf 87' lang='lat' dir='ltr'>et</span> <span class='ocrx_word' id='word_1_77' title='bbox 379 1225 507 1280; x_wconf 88' lang='lat' dir='ltr'>arcuato</span> <span class='ocrx_word' id='word_1_78' title='bbox 525 1215 647 1280; x_wconf 85' lang='lat' dir='ltr'>caelum</span> <span class='ocrx_word' id='word_1_79' title='bbox 666 1214 848 1280; x_wconf 88' lang='lat' dir='ltr'>curvamine</span> <span class='ocrx_word' id='word_1_80' title='bbox 866 1215 995 1300; x_wconf 86' lang='lat' dir='ltr'>signans</span> 
     </span>
     <span class='ocr_line' id='line_1_13' title="bbox 236 1299 947 1387; baseline -0.003 -21"><span class='ocrx_word' id='word_1_81' title='bbox 236 1313 320 1366; x_wconf 90' lang='lat' dir='ltr'>tecta</span> <span class='ocrx_word' id='word_1_82' title='bbox 336 1302 415 1387; x_wconf 90' lang='lat' dir='ltr'>petit</span> <span class='ocrx_word' id='word_1_83' title='bbox 431 1300 508 1365; x_wconf 90' lang='lat' dir='ltr'>iussi</span> <span class='ocrx_word' id='word_1_84' title='bbox 527 1299 586 1364; x_wconf 92' lang='lat' dir='ltr'>sub</span> <span class='ocrx_word' id='word_1_85' title='bbox 604 1300 688 1365; x_wconf 90' lang='lat' dir='ltr'>nube</span> <span class='ocrx_word' id='word_1_86' title='bbox 705 1300 835 1365; x_wconf 90' lang='lat' dir='ltr'>latentia</span> <span class='ocrx_word' id='word_1_87' title='bbox 852 1301 947 1385; x_wconf 83' lang='lat' dir='ltr'>regis.</span> 
     </span>
    </p>

    <p class='ocr_par' dir='ltr' id='par_1_10' title="bbox 215 1377 1179 1557">
     <span class='ocr_line' id='line_1_14' title="bbox 215 1377 1179 1500; baseline 0 -50"><span class='ocrx_word' id='word_1_88' title='bbox 215 1377 259 1500; x_wconf 63' lang='lat'><em>7</em></span> <span class='ocrx_word' id='word_1_89' title='bbox 278 1386 340 1451; x_wconf 88' lang='lat' dir='ltr'>Est</span> <span class='ocrx_word' id='word_1_90' title='bbox 356 1408 454 1472; x_wconf 88' lang='lat' dir='ltr'>prope</span> <span class='ocrx_word' id='word_1_91' title='bbox 473 1383 661 1451; x_wconf 89' lang='lat' dir='ltr'>Cimmerios</span> <span class='ocrx_word' id='word_1_92' title='bbox 677 1386 774 1471; x_wconf 83' lang='lat' dir='ltr'>longo</span> <span class='ocrx_word' id='word_1_93' title='bbox 792 1386 943 1471; x_wconf 89' lang='lat' dir='ltr'>spelunca</span> <span class='ocrx_word' id='word_1_94' title='bbox 959 1408 1096 1464; x_wconf 87' lang='lat' dir='ltr'>recessu,</span> <span class='ocrx_word' id='word_1_95' title='bbox 1172 1425 1179 1436; x_wconf 84' lang='lat'><strong>·</strong></span> 
     </span>
     <span class='ocr_line' id='line_1_15' title="bbox 236 1470 1096 1557; baseline 0.001 -20"><span class='ocrx_word' id='word_1_96' title='bbox 236 1494 327 1537; x_wconf 90' lang='lat' dir='ltr'>mons</span> <span class='ocrx_word' id='word_1_97' title='bbox 346 1493 457 1548; x_wconf 89' lang='lat' dir='ltr'>cavus,</span> <span class='ocrx_word' id='word_1_98' title='bbox 473 1470 582 1556; x_wconf 83' lang='lat' dir='ltr'>ignavi</span> <span class='ocrx_word' id='word_1_99' title='bbox 600 1470 713 1535; x_wconf 89' lang='lat' dir='ltr'>domus</span> <span class='ocrx_word' id='word_1_100' title='bbox 730 1482 763 1536; x_wconf 90' lang='lat' dir='ltr'>et</span> <span class='ocrx_word' id='word_1_101' title='bbox 779 1470 952 1557; x_wconf 86' lang='lat' dir='ltr'>penetralia</span> <span class='ocrx_word' id='word_1_102' title='bbox 970 1470 1096 1538; x_wconf 87' lang='lat' dir='ltr'>Somni:</span> 
     </span>
    </p>

    <p class='ocr_par' dir='ltr' id='par_1_11' title="bbox 160 1555 1081 1641">
     <span class='ocr_line' id='line_1_16' title="bbox 160 1555 1081 1641; baseline 0.003 -22"><span class='ocrx_word' id='word_1_103' title='bbox 160 1612 162 1619; x_wconf 30' lang='lat' dir='ltr'><em>s</em></span> <span class='ocrx_word' id='word_1_104' title='bbox 237 1578 301 1641; x_wconf 93' lang='lat' dir='ltr'>quo</span> <span class='ocrx_word' id='word_1_105' title='bbox 317 1577 493 1640; x_wconf 87' lang='lat' dir='ltr'>numquam</span> <span class='ocrx_word' id='word_1_106' title='bbox 509 1556 606 1620; x_wconf 88' lang='lat' dir='ltr'>radiis</span> <span class='ocrx_word' id='word_1_107' title='bbox 623 1556 727 1621; x_wconf 91' lang='lat' dir='ltr'>oriens</span> <span class='ocrx_word' id='word_1_108' title='bbox 745 1557 908 1621; x_wconf 91' lang='lat' dir='ltr'>mediusve</span> <span class='ocrx_word' id='word_1_109' title='bbox 926 1555 1081 1623; x_wconf 85' lang='lat' dir='ltr'>cadensve</span> 
     </span>
    </p>

    <p class='ocr_par' dir='ltr' id='par_1_12' title="bbox 169 1641 1088 1813">
     <span class='ocr_line' id='line_1_17' title="bbox 169 1641 1088 1727; baseline -0.003 -17"><span class='ocrx_word' id='word_1_110' title='bbox 169 1660 219 1711; x_wconf 85' lang='grc'>505</span> <span class='ocrx_word' id='word_1_111' title='bbox 236 1641 388 1707; x_wconf 92' lang='lat' dir='ltr'>Phoebus</span> <span class='ocrx_word' id='word_1_112' title='bbox 405 1642 492 1708; x_wconf 91' lang='lat' dir='ltr'>adire</span> <span class='ocrx_word' id='word_1_113' title='bbox 509 1652 622 1727; x_wconf 88' lang='lat' dir='ltr'>potest.</span> <span class='ocrx_word' id='word_1_114' title='bbox 665 1641 801 1706; x_wconf 84' lang='lat' dir='ltr'>nebulae</span> <span class='ocrx_word' id='word_1_115' title='bbox 819 1642 954 1727; x_wconf 86' lang='lat' dir='ltr'>caligine</span> <span class='ocrx_word' id='word_1_116' title='bbox 971 1642 1088 1707; x_wconf 84' lang='lat' dir='ltr'>mixtae</span> 
     </span>
     <span class='ocr_line' id='line_1_18' title="bbox 237 1726 1034 1813; baseline -0.001 -20"><span class='ocrx_word' id='word_1_117' title='bbox 237 1729 403 1793; x_wconf 87' lang='lat' dir='ltr'>exalantur</span> <span class='ocrx_word' id='word_1_118' title='bbox 418 1727 527 1803; x_wconf 91' lang='lat' dir='ltr'>humo,</span> <span class='ocrx_word' id='word_1_119' title='bbox 544 1726 723 1810; x_wconf 82' lang='lat' dir='ltr'>dubiaeque</span> <span class='ocrx_word' id='word_1_120' title='bbox 742 1727 928 1813; x_wconf 89' lang='lat' dir='ltr'>crepuscula</span> <span class='ocrx_word' id='word_1_121' title='bbox 943 1727 1034 1792; x_wconf 87' lang='lat' dir='ltr'>lucis.</span> 
     </span>
    </p>

    <p class='ocr_par' dir='ltr' id='par_1_13' title="bbox 189 1812 1065 2068">
     <span class='ocr_line' id='line_1_19' title="bbox 189 1812 918 1898; baseline 0 -20"><span class='ocrx_word' id='word_1_122' title='bbox 189 1869 196 1879; x_wconf 88' lang='lat'><em>.</em></span> <span class='ocrx_word' id='word_1_123' title='bbox 237 1835 301 1877; x_wconf 92' lang='lat' dir='ltr'>non</span> <span class='ocrx_word' id='word_1_124' title='bbox 318 1814 395 1898; x_wconf 88' lang='lat' dir='ltr'>vigil</span> <span class='ocrx_word' id='word_1_125' title='bbox 413 1813 478 1877; x_wconf 85' lang='lat' dir='ltr'>ales</span> <span class='ocrx_word' id='word_1_126' title='bbox 495 1812 540 1876; x_wconf 92' lang='lat' dir='ltr'>ibi</span> <span class='ocrx_word' id='word_1_127' title='bbox 557 1812 676 1877; x_wconf 83' lang='lat' dir='ltr'>cristati</span> <span class='ocrx_word' id='word_1_128' title='bbox 693 1813 839 1877; x_wconf 89' lang='lat' dir='ltr'>cantibus</span> <span class='ocrx_word' id='word_1_129' title='bbox 856 1812 918 1878; x_wconf 87' lang='lat' dir='ltr'>cris</span> 
     </span>
     <span class='ocr_line' id='line_1_20' title="bbox 238 1897 1065 1983; baseline -0.001 -19"><span class='ocrx_word' id='word_1_130' title='bbox 238 1912 350 1965; x_wconf 88' lang='lat' dir='ltr'>evocat</span> <span class='ocrx_word' id='word_1_131' title='bbox 367 1900 539 1974; x_wconf 86' lang='lat' dir='ltr'>Auroram,</span> <span class='ocrx_word' id='word_1_132' title='bbox 556 1919 617 1963; x_wconf 90' lang='lat' dir='ltr'>nec</span> <span class='ocrx_word' id='word_1_133' title='bbox 633 1919 712 1962; x_wconf 94' lang='lat' dir='ltr'>voce</span> <span class='ocrx_word' id='word_1_134' title='bbox 730 1897 852 1962; x_wconf 90' lang='lat' dir='ltr'>silentia</span> <span class='ocrx_word' id='word_1_135' title='bbox 868 1910 1019 1983; x_wconf 88' lang='lat' dir='ltr'>rumpunt</span> <span class='ocrx_word' id='word_1_136' title='bbox 1062 1958 1065 1963; x_wconf 76' lang='grc'>,</span> 
     </span>
     <span class='ocr_line' id='line_1_21' title="bbox 238 1983 982 2068; baseline 0 -20"><span class='ocrx_word' id='word_1_137' title='bbox 238 1984 400 2048; x_wconf 83' lang='lat' dir='ltr'>sollicitive</span> <span class='ocrx_word' id='word_1_138' title='bbox 418 2005 511 2048; x_wconf 88' lang='lat' dir='ltr'>canes</span> <span class='ocrx_word' id='word_1_139' title='bbox 529 1983 702 2057; x_wconf 81' lang='lat' dir='ltr'>canibusve</span> <span class='ocrx_word' id='word_1_140' title='bbox 720 1984 864 2068; x_wconf 84' lang='lat' dir='ltr'>sagacior</span> <span class='ocrx_word' id='word_1_141' title='bbox 881 2007 982 2049; x_wconf 90' lang='lat' dir='ltr'>anser.</span> 
     </span>
    </p>

    <p class='ocr_par' dir='ltr' id='par_1_14' title="bbox 170 2068 1078 2324">
     <span class='ocr_line' id='line_1_22' title="bbox 170 2068 1078 2154; baseline -0.003 -17"><span class='ocrx_word' id='word_1_142' title='bbox 170 2087 221 2137; x_wconf 83' lang='grc'>000</span> <span class='ocrx_word' id='word_1_143' title='bbox 237 2090 301 2133; x_wconf 85' lang='grc'>000</span> <span class='ocrx_word' id='word_1_144' title='bbox 318 2068 400 2146; x_wconf 81' lang='lat' dir='ltr'>fera,</span> <span class='ocrx_word' id='word_1_145' title='bbox 417 2090 482 2134; x_wconf 90' lang='lat' dir='ltr'>non</span> <span class='ocrx_word' id='word_1_146' title='bbox 498 2069 651 2154; x_wconf 88' lang='lat' dir='ltr'>pecudes,</span> <span class='ocrx_word' id='word_1_147' title='bbox 668 2090 733 2134; x_wconf 93' lang='lat' dir='ltr'>non</span> <span class='ocrx_word' id='word_1_148' title='bbox 750 2069 828 2133; x_wconf 91' lang='lat' dir='ltr'>moti</span> <span class='ocrx_word' id='word_1_149' title='bbox 844 2069 971 2135; x_wconf 88' lang='lat' dir='ltr'>flamine</span> <span class='ocrx_word' id='word_1_150' title='bbox 988 2069 1078 2147; x_wconf 88' lang='lat' dir='ltr'>rami,</span> 
     </span>
     <span class='ocr_line' id='line_1_23' title="bbox 237 2153 1032 2239; baseline -0.001 -21"><span class='ocrx_word' id='word_1_151' title='bbox 237 2153 435 2221; x_wconf 87' lang='lat' dir='ltr'>humanaeve</span> <span class='ocrx_word' id='word_1_152' title='bbox 452 2175 565 2219; x_wconf 92' lang='lat' dir='ltr'>sonum</span> <span class='ocrx_word' id='word_1_153' title='bbox 582 2155 719 2219; x_wconf 91' lang='lat' dir='ltr'>reddunt</span> <span class='ocrx_word' id='word_1_154' title='bbox 735 2154 877 2219; x_wconf 88' lang='lat' dir='ltr'>convicia</span> <span class='ocrx_word' id='word_1_155' title='bbox 894 2155 1032 2239; x_wconf 85' lang='lat' dir='ltr'>linguae.</span> 
     </span>
     <span class='ocr_line' id='line_1_24' title="bbox 237 2239 1048 2324; baseline 0 -19"><span class='ocrx_word' id='word_1_156' title='bbox 237 2251 327 2305; x_wconf 91' lang='lat' dir='ltr'>muta</span> <span class='ocrx_word' id='word_1_157' title='bbox 343 2239 432 2324; x_wconf 89' lang='lat' dir='ltr'>quies</span> <span class='ocrx_word' id='word_1_158' title='bbox 450 2239 581 2305; x_wconf 90' lang='lat' dir='ltr'>habitat.</span> <span class='ocrx_word' id='word_1_159' title='bbox 625 2263 702 2310; x_wconf 83' lang='lat' dir='ltr'>saxo</span> <span class='ocrx_word' id='word_1_160' title='bbox 720 2251 827 2306; x_wconf 89' lang='lat' dir='ltr'>tamen</span> <span class='ocrx_word' id='word_1_161' title='bbox 844 2240 909 2305; x_wconf 89' lang='lat' dir='ltr'>exit</span> <span class='ocrx_word' id='word_1_162' title='bbox 926 2241 968 2306; x_wconf 92' lang='lat' dir='ltr'>ab</span> <span class='ocrx_word' id='word_1_163' title='bbox 985 2240 1048 2305; x_wconf 93' lang='lat' dir='ltr'>imo</span> 
     </span>
    </p>

    <p class='ocr_par' dir='ltr' id='par_1_15' title="bbox 204 2325 1179 2496">
     <span class='ocr_line' id='line_1_25' title="bbox 204 2325 1179 2411; baseline 0.004 -23"><span class='ocrx_word' id='word_1_164' title='bbox 204 2371 217 2388; x_wconf 82' lang='grc'>.-</span> <span class='ocrx_word' id='word_1_165' title='bbox 237 2326 325 2391; x_wconf 89' lang='lat' dir='ltr'>rivus</span> <span class='ocrx_word' id='word_1_166' title='bbox 343 2347 445 2408; x_wconf 87' lang='lat' dir='ltr'>aquae</span> <span class='ocrx_word' id='word_1_167' title='bbox 462 2325 596 2402; x_wconf 89' lang='lat' dir='ltr'>Lethes,</span> <span class='ocrx_word' id='word_1_168' title='bbox 614 2348 670 2411; x_wconf 87' lang='lat' dir='ltr'>per</span> <span class='ocrx_word' id='word_1_169' title='bbox 687 2348 784 2408; x_wconf 89' lang='lat' dir='ltr'>quem</span> <span class='ocrx_word' id='word_1_170' title='bbox 801 2348 874 2390; x_wconf 91' lang='lat' dir='ltr'>cum</span> <span class='ocrx_word' id='word_1_171' title='bbox 891 2349 1052 2392; x_wconf 90' lang='lat' dir='ltr'>murmure</span> <span class='ocrx_word' id='word_1_172' title='bbox 1068 2325 1179 2393; x_wconf 89' lang='lat' dir='ltr'>labeus</span> 
     </span>
     <span class='ocr_line' id='line_1_26' title="bbox 238 2411 1179 2496; baseline 0 -21"><span class='ocrx_word' id='word_1_173' title='bbox 238 2411 351 2476; x_wconf 88' lang='lat' dir='ltr'>invitat</span> <span class='ocrx_word' id='word_1_174' title='bbox 368 2432 494 2475; x_wconf 89' lang='lat' dir='ltr'>somnos</span> <span class='ocrx_word' id='word_1_175' title='bbox 512 2411 739 2495; x_wconf 87' lang='lat' dir='ltr'>crepitantibus</span> <span class='ocrx_word' id='word_1_176' title='bbox 756 2412 843 2475; x_wconf 90' lang='lat' dir='ltr'>unda</span> <span class='ocrx_word' id='word_1_177' title='bbox 860 2412 983 2496; x_wconf 85' lang='lat' dir='ltr'>lapillis.</span> <span class='ocrx_word' id='word_1_178' title='bbox 1175 2411 1179 2419; x_wconf 78' lang='grc'><strong>’</strong></span> 
     </span>
    </p>

    <p class='ocr_par' dir='ltr' id='par_1_16' title="bbox 171 2496 1115 2751">
     <span class='ocr_line' id='line_1_27' title="bbox 171 2496 972 2580; baseline -0.004 -17"><span class='ocrx_word' id='word_1_179' title='bbox 171 2514 220 2563; x_wconf 88' lang='grc'>005</span> <span class='ocrx_word' id='word_1_180' title='bbox 239 2506 312 2561; x_wconf 91' lang='lat' dir='ltr'>ante</span> <span class='ocrx_word' id='word_1_181' title='bbox 328 2496 413 2561; x_wconf 88' lang='lat' dir='ltr'>fores</span> <span class='ocrx_word' id='word_1_182' title='bbox 431 2496 512 2560; x_wconf 90' lang='lat' dir='ltr'>antri</span> <span class='ocrx_word' id='word_1_183' title='bbox 528 2496 666 2575; x_wconf 82' lang='lat' dir='ltr'>fecunda</span> <span class='ocrx_word' id='word_1_184' title='bbox 682 2518 843 2580; x_wconf 87' lang='lat' dir='ltr'>papavera</span> <span class='ocrx_word' id='word_1_185' title='bbox 859 2497 972 2563; x_wconf 89' lang='lat' dir='ltr'>florent</span> 
     </span>
     <span class='ocr_line' id='line_1_28' title="bbox 238 2580 1115 2667; baseline -0.001 -22"><span class='ocrx_word' id='word_1_186' title='bbox 238 2582 484 2664; x_wconf 86' lang='lat' dir='ltr'>innumeraeque</span> <span class='ocrx_word' id='word_1_187' title='bbox 500 2580 632 2657; x_wconf 87' lang='lat' dir='ltr'>herbae,</span> <span class='ocrx_word' id='word_1_188' title='bbox 649 2602 785 2663; x_wconf 90' lang='lat' dir='ltr'>quarum</span> <span class='ocrx_word' id='word_1_189' title='bbox 802 2582 842 2647; x_wconf 93' lang='lat' dir='ltr'>de</span> <span class='ocrx_word' id='word_1_190' title='bbox 859 2582 940 2647; x_wconf 87' lang='lat' dir='ltr'>lacte</span> <span class='ocrx_word' id='word_1_191' title='bbox 958 2604 1115 2667; x_wconf 89' lang='lat' dir='ltr'>soporem</span> 
     </span>
     <span class='ocr_line' id='line_1_29' title="bbox 237 2666 1049 2751; baseline 0 -20"><span class='ocrx_word' id='word_1_192' title='bbox 237 2666 313 2731; x_wconf 93' lang='lat' dir='ltr'>Nox</span> <span class='ocrx_word' id='word_1_193' title='bbox 329 2667 407 2751; x_wconf 83' lang='lat' dir='ltr'>legit</span> <span class='ocrx_word' id='word_1_194' title='bbox 424 2677 454 2731; x_wconf 92' lang='lat' dir='ltr'>et</span> <span class='ocrx_word' id='word_1_195' title='bbox 471 2666 592 2750; x_wconf 80' lang='lat' dir='ltr'>spargit</span> <span class='ocrx_word' id='word_1_196' title='bbox 608 2689 665 2749; x_wconf 90' lang='lat' dir='ltr'>per</span> <span class='ocrx_word' id='word_1_197' title='bbox 682 2687 798 2750; x_wconf 86' lang='lat' dir='ltr'>opacas</span> <span class='ocrx_word' id='word_1_198' title='bbox 815 2667 924 2731; x_wconf 87' lang='lat' dir='ltr'>umida</span> <span class='ocrx_word' id='word_1_199' title='bbox 940 2677 1049 2734; x_wconf 85' lang='lat' dir='ltr'>terras.</span> 
     </span>
    </p>

    <p class='ocr_par' dir='ltr' id='par_1_17' title="bbox 220 2751 970 2913">
     <span class='ocr_line' id='line_1_30' title="bbox 220 2751 958 2821; baseline -0.008 0"><span class='ocrx_word' id='word_1_200' title='bbox 220 2751 334 2821; x_wconf 77' lang='lat' dir='ltr'>,ianua</span> <span class='ocrx_word' id='word_1_201' title='bbox 348 2774 407 2817; x_wconf 88' lang='lat' dir='ltr'>nec</span> <span class='ocrx_word' id='word_1_202' title='bbox 423 2773 514 2816; x_wconf 86' lang='lat' dir='ltr'>verso</span> <span class='ocrx_word' id='word_1_203' title='bbox 532 2751 680 2817; x_wconf 87' lang='lat' dir='ltr'>stridores</span> <span class='ocrx_word' id='word_1_204' title='bbox 699 2751 826 2817; x_wconf 88' lang='lat' dir='ltr'>cardine</span> <span class='ocrx_word' id='word_1_205' title='bbox 843 2752 958 2818; x_wconf 90' lang='lat' dir='ltr'>reddit:</span> 
     </span>
     <span class='ocr_line' id='line_1_31' title="bbox 238 2836 970 2913; baseline -0.001 -12"><span class='ocrx_word' id='word_1_206' title='bbox 238 2837 327 2901; x_wconf 91' lang='lat' dir='ltr'>nulla</span> <span class='ocrx_word' id='word_1_207' title='bbox 344 2836 438 2901; x_wconf 91' lang='lat' dir='ltr'>domo</span> <span class='ocrx_word' id='word_1_208' title='bbox 456 2847 537 2913; x_wconf 89' lang='lat' dir='ltr'>tota,</span> <span class='ocrx_word' id='word_1_209' title='bbox 555 2850 662 2900; x_wconf 88' lang='lat' dir='ltr'>custos</span> <span class='ocrx_word' id='word_1_210' title='bbox 679 2836 712 2900; x_wconf 91' lang='lat' dir='ltr'>in</span> <span class='ocrx_word' id='word_1_211' title='bbox 730 2836 838 2902; x_wconf 89' lang='lat' dir='ltr'>limine</span> <span class='ocrx_word' id='word_1_212' title='bbox 855 2838 970 2904; x_wconf 86' lang='lat' dir='ltr'>nullus.</span> 
     </span>
    </p>

    <p class='ocr_par' dir='ltr' id='par_1_18' title="bbox 110 2922 1074 3178">
     <span class='ocr_line' id='line_1_32' title="bbox 110 2922 1014 2998; baseline -0.002 -9"><span class='ocrx_word' id='word_1_213' title='bbox 110 2945 112 2949; x_wconf 56' lang='lat'><em>⁴</em></span> <span class='ocrx_word' id='word_1_214' title='bbox 172 2940 222 2990; x_wconf 82' lang='grc'>010</span> <span class='ocrx_word' id='word_1_215' title='bbox 240 2933 273 2986; x_wconf 91' lang='lat' dir='ltr'>at</span> <span class='ocrx_word' id='word_1_216' title='bbox 288 2922 393 2986; x_wconf 91' lang='lat' dir='ltr'>medio</span> <span class='ocrx_word' id='word_1_217' title='bbox 413 2933 498 2986; x_wconf 90' lang='lat' dir='ltr'>torus</span> <span class='ocrx_word' id='word_1_218' title='bbox 517 2932 565 2986; x_wconf 89' lang='lat' dir='ltr'>est</span> <span class='ocrx_word' id='word_1_219' title='bbox 582 2922 683 2988; x_wconf 88' lang='lat' dir='ltr'>ebeno</span> <span class='ocrx_word' id='word_1_220' title='bbox 702 2922 845 2987; x_wconf 90' lang='lat' dir='ltr'>sublimis</span> <span class='ocrx_word' id='word_1_221' title='bbox 862 2923 895 2986; x_wconf 93' lang='lat' dir='ltr'>in</span> <span class='ocrx_word' id='word_1_222' title='bbox 913 2936 1014 2998; x_wconf 89' lang='lat' dir='ltr'>antro,</span> 
     </span>
     <span class='ocr_line' id='line_1_33' title="bbox 238 3006 981 3093; baseline -0.001 -21"><span class='ocrx_word' id='word_1_223' title='bbox 238 3009 399 3093; x_wconf 85' lang='lat' dir='ltr'>plumeas,</span> <span class='ocrx_word' id='word_1_224' title='bbox 417 3006 568 3084; x_wconf 89' lang='lat' dir='ltr'>unicolor,</span> <span class='ocrx_word' id='word_1_225' title='bbox 586 3008 673 3092; x_wconf 90' lang='lat' dir='ltr'>pullo</span> <span class='ocrx_word' id='word_1_226' title='bbox 690 3007 847 3073; x_wconf 89' lang='lat' dir='ltr'>velamine</span> <span class='ocrx_word' id='word_1_227' title='bbox 864 3019 981 3072; x_wconf 86' lang='lat' dir='ltr'>tectus:</span> 
     </span>
     <span class='ocr_line' id='line_1_34' title="bbox 239 3092 1074 3178; baseline 0.002 -22"><span class='ocrx_word' id='word_1_228' title='bbox 239 3115 303 3176; x_wconf 92' lang='lat' dir='ltr'>quo</span> <span class='ocrx_word' id='word_1_229' title='bbox 322 3092 418 3156; x_wconf 89' lang='lat' dir='ltr'>cubat</span> <span class='ocrx_word' id='word_1_230' title='bbox 434 3092 502 3176; x_wconf 89' lang='lat' dir='ltr'>ipse</span> <span class='ocrx_word' id='word_1_231' title='bbox 520 3092 598 3157; x_wconf 90' lang='lat' dir='ltr'>deus</span> <span class='ocrx_word' id='word_1_232' title='bbox 616 3093 766 3157; x_wconf 88' lang='lat' dir='ltr'>membris</span> <span class='ocrx_word' id='word_1_233' title='bbox 783 3094 936 3178; x_wconf 85' lang='lat' dir='ltr'>languore</span> <span class='ocrx_word' id='word_1_234' title='bbox 954 3093 1074 3158; x_wconf 88' lang='lat' dir='ltr'>solutis.</span> 
     </span>
    </p>

    <p class='ocr_par' dir='ltr' id='par_1_19' title="bbox 225 3177 1118 3346">
     <span class='ocr_line' id='line_1_35' title="bbox 225 3177 1099 3262; baseline -0.001 -20"><span class='ocrx_word' id='word_1_235' title='bbox 225 3178 324 3242; x_wconf 92' lang='lat' dir='ltr'>.hunc</span> <span class='ocrx_word' id='word_1_236' title='bbox 342 3177 425 3244; x_wconf 84' lang='lat' dir='ltr'>circa</span> <span class='ocrx_word' id='word_1_237' title='bbox 441 3178 559 3262; x_wconf 86' lang='lat' dir='ltr'>passim</span> <span class='ocrx_word' id='word_1_238' title='bbox 578 3178 680 3241; x_wconf 87' lang='lat' dir='ltr'>varias</span> <span class='ocrx_word' id='word_1_239' title='bbox 698 3177 853 3242; x_wconf 89' lang='lat' dir='ltr'>imitantia</span> <span class='ocrx_word' id='word_1_240' title='bbox 870 3177 988 3243; x_wconf 88' lang='lat' dir='ltr'>formas</span> <span class='ocrx_word' id='word_1_241' title='bbox 1098 3217 1099 3220; x_wconf 61' lang='lat'><em>=</em></span> 
     </span>
     <span class='ocr_line' id='line_1_36' title="bbox 240 3261 1118 3346; baseline 0.002 -19"><span class='ocrx_word' id='word_1_242' title='bbox 240 3261 372 3327; x_wconf 85' lang='lat' dir='ltr'>Somnia</span> <span class='ocrx_word' id='word_1_243' title='bbox 389 3286 471 3326; x_wconf 87' lang='lat' dir='ltr'>vana</span> <span class='ocrx_word' id='word_1_244' title='bbox 489 3263 591 3327; x_wconf 90' lang='lat' dir='ltr'>iacent</span> <span class='ocrx_word' id='word_1_245' title='bbox 609 3263 756 3338; x_wconf 87' lang='lat' dir='ltr'>totidem,</span> <span class='ocrx_word' id='word_1_246' title='bbox 774 3274 851 3346; x_wconf 89' lang='lat' dir='ltr'>quot</span> <span class='ocrx_word' id='word_1_247' title='bbox 869 3263 979 3330; x_wconf 85' lang='lat' dir='ltr'>messis</span> <span class='ocrx_word' id='word_1_248' title='bbox 996 3265 1118 3341; x_wconf 82' lang='lat' dir='ltr'>aristas,</span> 
     </span>
    </p>

    <p class='ocr_par' dir='ltr' id='par_1_20' title="bbox 172 3348 963 3431">
     <span class='ocr_line' id='line_1_37' title="bbox 172 3348 963 3431; baseline -0.004 -17"><span class='ocrx_word' id='word_1_249' title='bbox 172 3366 221 3415; x_wconf 86' lang='lat'>615</span> <span class='ocrx_word' id='word_1_250' title='bbox 240 3348 319 3412; x_wconf 89' lang='lat' dir='ltr'>silva</span> <span class='ocrx_word' id='word_1_251' title='bbox 335 3348 418 3431; x_wconf 85' lang='lat' dir='ltr'>gerit</span> <span class='ocrx_word' id='word_1_252' title='bbox 435 3348 577 3423; x_wconf 86' lang='lat' dir='ltr'>frondes,</span> <span class='ocrx_word' id='word_1_253' title='bbox 595 3348 711 3413; x_wconf 88' lang='lat' dir='ltr'>eiectas</span> <span class='ocrx_word' id='word_1_254' title='bbox 728 3348 802 3412; x_wconf 90' lang='lat' dir='ltr'>litus</span> <span class='ocrx_word' id='word_1_255' title='bbox 819 3348 963 3413; x_wconf 89' lang='lat' dir='ltr'>harenas.</span> 
     </span>
    </p>

    <p class='ocr_par' dir='ltr' id='par_1_21' title="bbox 213 3433 1091 3689">
     <span class='ocr_line' id='line_1_38' title="bbox 213 3433 1068 3518; baseline 0.004 -22"><span class='ocrx_word' id='word_1_256' title='bbox 213 3443 247 3471; x_wconf 63' lang='lat' dir='ltr'><em>f</em></span> <span class='ocrx_word' id='word_1_257' title='bbox 262 3454 304 3497; x_wconf 93' lang='lat' dir='ltr'>no</span> <span class='ocrx_word' id='word_1_258' title='bbox 321 3433 415 3496; x_wconf 88' lang='lat' dir='ltr'>simul</span> <span class='ocrx_word' id='word_1_259' title='bbox 432 3433 560 3497; x_wconf 89' lang='lat' dir='ltr'>intravit</span> <span class='ocrx_word' id='word_1_260' title='bbox 577 3434 787 3515; x_wconf 88' lang='lat' dir='ltr'>manibusque</span> <span class='ocrx_word' id='word_1_261' title='bbox 805 3433 961 3499; x_wconf 86' lang='lat' dir='ltr'>obstantia</span> <span class='ocrx_word' id='word_1_262' title='bbox 977 3433 1068 3518; x_wconf 85' lang='lat' dir='ltr'>virgo</span> 
     </span>
     <span class='ocr_line' id='line_1_39' title="bbox 240 3455 927 3603; baseline -0.003 -19"><span class='ocrx_word' id='word_1_263' title='bbox 240 3455 373 3584; x_wconf 56' lang='lat' dir='ltr'>domnia</span> <span class='ocrx_word' id='word_1_264' title='bbox 391 3518 537 3595; x_wconf 88' lang='lat' dir='ltr'>dimovit,</span> <span class='ocrx_word' id='word_1_265' title='bbox 555 3519 650 3583; x_wconf 88' lang='lat' dir='ltr'>vestis</span> <span class='ocrx_word' id='word_1_266' title='bbox 667 3518 794 3603; x_wconf 86' lang='lat' dir='ltr'>fulgore</span> <span class='ocrx_word' id='word_1_267' title='bbox 810 3520 927 3584; x_wconf 88' lang='lat' dir='ltr'>reluxit</span> 
     </span>
     <span class='ocr_line' id='line_1_40' title="bbox 240 3603 1091 3689; baseline 0.005 -23"><span class='ocrx_word' id='word_1_268' title='bbox 240 3625 330 3667; x_wconf 91' lang='lat' dir='ltr'>sacra</span> <span class='ocrx_word' id='word_1_269' title='bbox 347 3603 469 3668; x_wconf 86' lang='lat' dir='ltr'>domus.</span> <span class='ocrx_word' id='word_1_270' title='bbox 513 3604 667 3686; x_wconf 88' lang='lat' dir='ltr'>tardaque</span> <span class='ocrx_word' id='word_1_271' title='bbox 684 3604 762 3668; x_wconf 91' lang='lat' dir='ltr'>deus</span> <span class='ocrx_word' id='word_1_272' title='bbox 779 3603 936 3689; x_wconf 84' lang='lat' dir='ltr'>gravitate</span> <span class='ocrx_word' id='word_1_273' title='bbox 952 3604 1091 3670; x_wconf 87' lang='lat' dir='ltr'>iacentes</span> 
     </span>
    </p>

    <p class='ocr_par' dir='ltr' id='par_1_22' title="bbox 164 3688 1100 3772">
     <span class='ocr_line' id='line_1_41' title="bbox 164 3688 1100 3772; baseline 0.004 -21"><span class='ocrx_word' id='word_1_274' title='bbox 164 3757 167 3768; x_wconf 53' lang='grc'><strong>,</strong></span> <span class='ocrx_word' id='word_1_275' title='bbox 219 3761 222 3765; x_wconf 11' lang='grc' dir='ltr'><strong>Α</strong></span> <span class='ocrx_word' id='word_1_276' title='bbox 239 3688 294 3752; x_wconf 92' lang='lat' dir='ltr'>vix</span> <span class='ocrx_word' id='word_1_277' title='bbox 310 3689 418 3752; x_wconf 90' lang='lat' dir='ltr'>oculos</span> <span class='ocrx_word' id='word_1_278' title='bbox 435 3688 547 3753; x_wconf 90' lang='lat' dir='ltr'>tollens</span> <span class='ocrx_word' id='word_1_279' title='bbox 562 3688 742 3771; x_wconf 87' lang='lat' dir='ltr'>iterumque</span> <span class='ocrx_word' id='word_1_280' title='bbox 759 3688 938 3772; x_wconf 89' lang='lat' dir='ltr'>iterumque</span> <span class='ocrx_word' id='word_1_281' title='bbox 955 3690 1100 3756; x_wconf 85' lang='lat' dir='ltr'>relabens</span> 
     </span>
    </p>

    <p class='ocr_par' dir='ltr' id='par_1_23' title="bbox 85 3774 1045 3861">
     <span class='ocr_line' id='line_1_42' title="bbox 85 3774 1045 3861; baseline -0.002 -20"><span class='ocrx_word' id='word_1_282' title='bbox 85 3823 89 3830; x_wconf 37' lang='lat'><strong>⁴</strong></span> <span class='ocrx_word' id='word_1_283' title='bbox 172 3793 223 3842; x_wconf 82' lang='lat'>620</span> <span class='ocrx_word' id='word_1_284' title='bbox 240 3794 427 3855; x_wconf 87' lang='lat' dir='ltr'>summaque</span> <span class='ocrx_word' id='word_1_285' title='bbox 444 3774 623 3858; x_wconf 88' lang='lat' dir='ltr'>percutiens</span> <span class='ocrx_word' id='word_1_286' title='bbox 640 3774 766 3838; x_wconf 88' lang='lat' dir='ltr'>nutanti</span> <span class='ocrx_word' id='word_1_287' title='bbox 781 3787 911 3861; x_wconf 88' lang='lat' dir='ltr'>pectora</span> <span class='ocrx_word' id='word_1_288' title='bbox 927 3787 1045 3852; x_wconf 75' lang='lat' dir='ltr'>mento,</span> 
     </span>
    </p>

    <p class='ocr_par' dir='ltr' id='par_1_24' title="bbox 239 3858 1006 3943">
     <span class='ocr_line' id='line_1_43' title="bbox 239 3858 1006 3943; baseline 0.001 -20"><span class='ocrx_word' id='word_1_289' title='bbox 239 3858 377 3923; x_wconf 87' lang='lat' dir='ltr'>excussit</span> <span class='ocrx_word' id='word_1_290' title='bbox 394 3859 522 3924; x_wconf 88' lang='lat' dir='ltr'>tandem</span> <span class='ocrx_word' id='word_1_291' title='bbox 540 3860 600 3923; x_wconf 92' lang='lat' dir='ltr'>sibi</span> <span class='ocrx_word' id='word_1_292' title='bbox 618 3882 666 3936; x_wconf 90' lang='lat' dir='ltr'>se;</span> <span class='ocrx_word' id='word_1_293' title='bbox 685 3859 856 3943; x_wconf 84' lang='lat' dir='ltr'>cubitoque</span> <span class='ocrx_word' id='word_1_294' title='bbox 872 3860 1006 3936; x_wconf 87' lang='lat' dir='ltr'>levatus,</span> 
     </span>
    </p>

    <p class='ocr_par' dir='ltr' id='par_1_25' title="bbox 239 3942 1116 4028">
     <span class='ocr_line' id='line_1_44' title="bbox 239 3942 1116 4028; baseline 0.005 -23"><span class='ocrx_word' id='word_1_295' title='bbox 239 3942 317 4025; x_wconf 92' lang='lat' dir='ltr'>quid</span> <span class='ocrx_word' id='word_1_296' title='bbox 333 3943 440 4006; x_wconf 90' lang='lat' dir='ltr'>veniat</span> <span class='ocrx_word' id='word_1_297' title='bbox 457 3942 620 4028; x_wconf 78' lang='lat' dir='ltr'>(cognovit</span> <span class='ocrx_word' id='word_1_298' title='bbox 637 3945 746 4026; x_wconf 78' lang='lat' dir='ltr'>enim),</span> <span class='ocrx_word' id='word_1_299' title='bbox 765 3946 903 4010; x_wconf 86' lang='lat' dir='ltr'>scitatur.</span> <span class='ocrx_word' id='word_1_300' title='bbox 947 3961 980 4010; x_wconf 91' lang='lat' dir='ltr'>at</span> <span class='ocrx_word' id='word_1_301' title='bbox 996 3946 1064 4011; x_wconf 87' lang='lat' dir='ltr'>illa:</span> <span class='ocrx_word' id='word_1_302' title='bbox 1114 3980 1116 3982; x_wconf 91' lang='lat'>·</span> 
     </span>
    </p>

    <p class='ocr_par' dir='ltr' id='par_1_26' title="bbox 239 4025 1254 4118">
     <span class='ocr_line' id='line_1_45' title="bbox 239 4025 1254 4118; baseline 0.004 -24"><span class='ocrx_word' id='word_1_303' title='bbox 239 4025 387 4103; x_wconf 88' lang='lat' dir='ltr'>‘Somne‚</span> <span class='ocrx_word' id='word_1_304' title='bbox 405 4028 495 4114; x_wconf 87' lang='lat' dir='ltr'>quies</span> <span class='ocrx_word' id='word_1_305' title='bbox 511 4051 631 4110; x_wconf 86' lang='lat' dir='ltr'>rerum,</span> <span class='ocrx_word' id='word_1_306' title='bbox 647 4029 875 4118; x_wconf 85' lang='lat' dir='ltr'>placidissime,</span> <span class='ocrx_word' id='word_1_307' title='bbox 894 4030 1029 4110; x_wconf 81' lang='lat' dir='ltr'>Somne,</span> <span class='ocrx_word' id='word_1_308' title='bbox 1047 4032 1189 4114; x_wconf 87' lang='lat' dir='ltr'>deorum,</span> <span class='ocrx_word' id='word_1_309' title='bbox 1251 4073 1254 4082; x_wconf 72' lang='lat'>‚</span> 
     </span>
    </p>
   </div>
   <div class='ocr_carea' id='block_1_3' title="bbox 0 0 1412 4500">
    <p class='ocr_par' dir='ltr' id='par_1_27' title="bbox 0 0 1412 4500">
     <span class='ocr_line' id='line_1_46' title="bbox 0 0 1412 4500; baseline 0 0"><span class='ocrx_word' id='word_1_310' title='bbox 0 0 1412 4500; x_wconf 95' lang='lat' dir='ltr'> </span> 
     </span>
    </p>
   </div>
  </div>
 </body>
</html>
