2800 4500
282 256 650 317 rmrnuouruossou
665 257 740 313 nra.
759 257 823 315 vn.
840 256 985 314 aerea.
1084 225 1149 311 ild

122 387 220 472 idque
236 395 363 472 petuntr
381 382 581 471 pretiumque
598 382 709 449 iubent
726 381 793 448 sine
811 382 873 448 fine
890 381 1017 468 pacisci.

123 474 179 539 illa
195 472 285 537 brevi
302 471 405 557 spatio
423 470 493 536 silet
511 483 542 535 ct
559 468 705 534 dubitare
722 467 849 533 videtur

124 557 352 644 suspenditque
370 555 492 622 animos
508 556 582 620 ficta
599 555 756 641 gravitate
771 563 951 639 rogantum.

123 666 200 709 mox
216 642 273 707 ubi
312 641 429 707 ollicita
445 651 507 717 est,
525 648 604 725 ‘quo
622 640 663 705 sit
679 639 797 704 fiducia
813 639 914 703 maior

123 728 265 794 muneris
282 666 397 805 dluiusss
416 726 461 792 ait
477 725 547 810 ‘qui
563 736 685 792 vestras
702 724 860 793 maximus
877 744 957 789 aevo
975 736 1022 790 est

125 815 192 879 dux
208 813 316 900 gregis
332 812 415 879 inter
431 834 521 889 oves,
540 834 643 898 agnus
659 809 868 876 medicamine
885 809 959 875 fiet?

124 900 268 987 protinus
284 897 457 964 innumeris
474 897 586 963 effetus
602 897 727 982 laniger
743 895 834 960 annis

126 984 294 1050 attrahitur
309 984 392 1048 flexo
410 983 529 1048 circum
546 1003 626 1048 cava
642 993 787 1067 tempora
804 1002 916 1046 comur

126 1071 217 1136 cuius
233 1080 270 1134 ut
286 1068 467 1134 Haemonio
483 1066 657 1133 marcentia
673 1077 804 1152 guttura
821 1068 922 1132 cultro

125 1155 206 1221 fodit
223 1167 255 1221 ct
272 1154 389 1240 exiguo
406 1152 578 1219 maculavit
594 1152 749 1239 sanguine
767 1152 897 1230 ferrum,

125 1240 269 1307 membra
285 1239 380 1304 simul
396 1238 527 1325 pecudis
545 1238 729 1321 validosque
746 1237 889 1303 venefica
905 1257 997 1303 sucos

124 1325 241 1413 mergit
257 1324 292 1389 in
309 1347 382 1390 aere
399 1345 487 1390 cavo.
531 1323 678 1389 minuunt
695 1346 736 1389 en
751 1322 891 1424 corporis
908 1332 1006 1400 artus,
1073 1330 1076 1335 '

126 1431 307 1495 cornuaque
325 1420 462 1476 exurunt
478 1430 538 1475 nec
554 1429 618 1474 non
636 1431 711 1474 cum
728 1408 875 1475 cormbus
892 1429 1003 1487 annos,

126 1509 158 1564 et
173 1508 263 1563 tener
279 1495 407 1560 auditur
422 1495 528 1561 medio
544 1493 669 1559 balatus
687 1499 781 1559 a'e'no:

125 1604 185 1649 nec
201 1604 305 1658 mora,
322 1582 464 1646 balatum
481 1580 669 1645 mirantibus
686 1579 774 1644 exilit
791 1602 893 1665 agnus

126 1667 310 1751 lascivitque
327 1667 407 1751 fuga
422 1665 634 1750 lactantiaque
650 1665 751 1731 ubera
768 1665 901 1749 quaerit.

127 1752 306 1839 obstipuere
324 1762 411 1817 satae
427 1750 533 1828 Pelia3
550 1751 769 1836 promissaque
786 1761 955 1835 postquam

126 1837 297 1904 exhibuere
313 1837 424 1913 fidem,
441 1847 510 1901 tum
527 1856 603 1902 vero
619 1835 793 1921 impensius
810 1835 938 1901 instant.

125 1935 174 1989 ter
190 1925 267 2010 iuga
281 1921 434 1988 Phoebus
451 1920 541 2006 equis
557 1920 591 1986 in
607 1919 732 1987 Hibero
748 1919 878 1985 flumine
895 1921 1007 1986 mersis
1115 1945 1123 1966 '·

125 2010 319 2094 dempserat,
337 2019 369 2073 et
386 2017 499 2091 quarta
515 2006 672 2071 radiantia
688 2015 781 2072 nocte
797 2004 957 2070 micabant

125 2095 243 2171 sidera,
261 2116 335 2158 cum
351 2091 463 2179 rapido
480 2091 578 2156 fallax
595 2090 727 2157 Aeetias
744 2090 812 2176 igni

123 2179 258 2267 imponit
274 2201 391 2266 purum
407 2177 532 2244 laticem
551 2187 583 2242 et
600 2175 668 2242 sine
684 2175 805 2241 viribus
822 2175 947 2242 herbas.

123 2266 251 2351 iamque
268 2265 339 2331 neci
356 2263 465 2331 similis
482 2264 620 2329 resoluto
639 2283 770 2348 corpore
787 2286 821 2330 re
845 2284 897 2329 em

40 2421 43 2432 ,
126 2363 158 2417 et
176 2374 249 2417 cum
265 2371 341 2437 rege
359 2371 416 2415 sno
434 2348 581 2415 custodes
599 2370 729 2416 somnus
747 2285 895 2425 habelrat,

125 2459 220 2521 quem
238 2435 391 2502 dederant
407 2445 519 2501 cantus
536 2434 744 2521 magicaeque
761 2434 903 2521 potentia
918 2432 1057 2520 linguae.

124 2522 278 2587 intrarant
293 2522 398 2586 iussae
416 2542 489 2586 cum
507 2518 662 2585 Colchide
678 2520 788 2584 limina
804 2529 898 2586 natae

124 2607 364 2690 ambierantque
380 2617 495 2672 torum.
540 2605 633 2690 ‘quid
649 2627 735 2670 nunc
753 2605 903 2670 dubitatis
919 2603 1055 2670 inertes?

125 2691 282 2777 stringite'
300 2691 345 2756 ait
361 2691 498 2778 ‘gladios
515 2703 719 2775 veteremque
736 2690 859 2756 haurite
876 2711 1032 2767 cruorem,
1124 2735 1127 2739 -

125 2789 163 2843 ut
178 2777 319 2863 repleam
336 2798 454 2843 vacuas
470 2776 610 2843 iuvenali
627 2776 782 2862 sanguine
800 2775 910 2843 venasl

123 2863 158 2928 in
173 2862 321 2927 manibus
339 2862 452 2928 restris
468 2862 535 2927 vita
552 2873 601 2927 est
618 2872 768 2944 aetasque
785 2860 934 2948 parentis.

124 2948 151 3013 si
190 2948 268 3013 ictas
285 2946 352 3012 ulla
369 2957 431 3024 est,
448 2968 509 3013 nec
526 2969 597 3033 spes
616 2946 743 3031 agitatis
759 2946 881 3025 inanes,

124 3055 144 3099 o
182 3034 265 3098 cium
282 3042 441 3119 praestate
458 3032 541 3119 patri
557 3032 691 3115 telisque
709 3041 870 3097 senectam

125 3118 244 3205 exigite
261 3129 293 3184 et
309 3118 430 3184 saniem
448 3117 589 3184 coniecto
607 3115 740 3182 emittite
758 3116 862 3181 ferro?

122 3205 188 3283 his,
205 3214 242 3269 ut
258 3225 404 3288 quaeque
420 3203 476 3290 pia
492 3214 554 3280 est,
572 3201 748 3266 hortatibus
765 3203 863 3288 impia
880 3201 982 3288 prima
1000 3211 1059 3279 est,

124 3301 156 3355 et
173 3312 214 3356 ne
231 3289 272 3354 sit
289 3289 455 3366 scelerata,
473 3288 550 3354 facit
567 3288 680 3353 scelus.
724 3287 810 3352 haud
827 3298 933 3353 tamen
949 3287 1031 3352 ictus

123 3375 189 3440 ulla
206 3396 282 3439 suos
299 3385 442 3460 spectare
459 3383 577 3460 potest,
596 3373 768 3455 oculosque
785 3373 952 3438 reflectunt

123 3481 282 3543 caecaque
300 3459 377 3524 dant
393 3460 497 3525 saevis
515 3481 644 3524 aversae
662 3459 794 3523 vulnera
811 3456 940 3523 dextris.

122 3544 191 3622 ille,
209 3566 320 3610 cruore
337 3545 453 3621 fluens,
471 3543 579 3610 cubito
596 3554 704 3610 tamen
723 3543 839 3609 allevat
855 3554 942 3608 artus

123 3631 352 3713 semilacerque
369 3641 438 3695 toro
455 3639 589 3714 temptat
605 3633 722 3694 consur
744 3640 862 3706 ere,·et
877 3628 962 3693 inter

123 3725 171 3780 tot
186 3715 311 3780 medius
328 3714 450 3801 gladios
468 3714 619 3800 pallentia
635 3713 730 3779 brace
753 3714 784 3779 ia
801 3713 932 3779 tendens

123 3799 217 3884 ‘quid
233 3799 353 3879 facitis,
370 3799 506 3886 gnatae?
523 3799 600 3883 quid
618 3820 675 3864 vos
691 3798 726 3863 in
743 3798 810 3864 fata
826 3797 966 3884 parentis

123 3885 257 3950 armatt'
275 3886 329 3950 ait.
373 3884 514 3951 cecidere
531 3884 593 3949 illis
612 3884 772 3968 animique
789 3904 975 3968 manusque.

123 3971 217 4057 plura
233 3971 377 4035 locuturo
395 3992 467 4035 cum
485 3969 590 4035 verbis
608 3979 738 4055 guttura
756 3966 886 4034 Colchis

121 4055 266 4132 abstulit,
283 4066 316 4120 et
332 4056 442 4121 calidis
458 4054 611 4120 laniatum
628 4055 737 4121 mersit
752 4055 786 4120 in
796 4054 908 4137 undis.

173 4153 326 4205 mmmm
961 4155 980 4214 g
