2800 4500
312 253 678 316 hfflTAMORPHOSEON
694 253 768 314 LIB.
786 254 839 315 XI.
855 255 1000 315 228—315.
1107 240 1169 311 187

151 402 206 447 ore
223 380 327 448 ferens
346 378 448 468 Ceyx.
490 381 545 448 illc
562 381 618 466 qui
634 392 777 467 tempore
793 393 932 447 maestus

151 467 437 552 dissimilisquesui
454 468 583 533 fratrem
600 467 730 553 lugebat
748 467 941 552 ademptum.

150 573 215 636 qno
231 570 399 638 postquam
416 553 574 620 Aeacides
591 552 694 618 fessus
712 573 851 634 curaque
867 552 983 635 viaque

150 638 242 718 venit,
253 650 286 703 et
301 638 430 704 intravit
445 638 554 724 paucis
572 637 795 703 comitantibus
811 637 933 713 urbem,
1188 655 1237 705 275

150 743 293 807 quosque
310 746 424 810 greges
441 745 606 809 pecorum,
624 745 707 806 quae
724 744 833 787 secum
849 733 992 787 armenta
1008 720 1164 798 emebat,

150 806 236 873 haud
253 809 364 895 procul
381 833 401 873 a
417 809 515 873 muris
534 808 594 872 sub
611 829 711 957 opaca
728 808 811 874 valle
827 806 963 891 reliquit,

151 893 242 979 copia
259 916 332 958 cum
349 893 434 959 facta
451 906 499 960 est
516 893 621 958 adeun
644 893 655 957 i
671 893 775 978 prima
791 892 926 977 tyranni,

150 980 328 1045 velamenta
344 1002 443 1043 manu
458 978 668 1065 praetendens
685 977 916 1063 supplice„qui
933 977 983 1053 sit,

151 1085 278 1147 quoque
295 1075 395 1140 satus,
413 1073 574 1129 memorat.
640 1073 764 1128 tantum
781 1085 840 1128 sua
857 1062 989 1127 crimina
1006 1063 1087 1127 celat
1188 1081 1239 1131 280

150 1148 363 1233 mentiturque
379 1149 477 1236 fugae
495 1170 637 1225 causam3
679 1148 748 1225 etit,
766 1148 845 1212 urbe
863 1149 914 1214 vel
931 1169 1009 1233 agro

150 1256 185 1299 se
203 1234 298 1300 iuvet.
342 1234 427 1299 hunc
445 1245 554 1299 contra
570 1171 695 1319 placido
712 1232 901 1298 Trachinius
918 1255 972 1299 ore

149 1319 266 1383 talibus
284 1319 467 1402 alloquitur:
486 1319 623 1384 ‘mediae
640 1339 768 1402 quoque
785 1319 951 1383 commoda
967 1316 1054 1403 plebi

149 1415 257 1469 nostra
273 1415 397 1489 patent,
414 1403 529 1479 Peleu,
546 1426 606 1469 nec
623 1403 782 1489 inhospita
798 1426 898 1488 regna
914 1415 1068 1469 tenemus.

150 1489 248 1554 adicis
265 1490 340 1554 huic
357 1489 462 1554 animo
479 1500 640 1554 momenta
656 1488 811 1576 potentia,
830 1489 950 1554 clarum
1189 1505 1238 1555 285

148 1596 265 1639 nomen
282 1596 441 1658 avumque
457 1574 579 1640 lovem.
622 1597 663 1640 ne
680 1585 744 1639 tem
768 1594 823 1639 ora
839 1573 937 1659 perde
954 1572 1127 1659 precando:

149 1660 236 1742 quod
252 1660 349 1745 petis,
367 1681 460 1724 omne
477 1660 570 1726 feres.
613 1670 732 1742 tuaque
745 1596 829 1724 haec
845 1680 903 1744 pro
920 1670 1010 1744 parte
1027 1668 1150 1734 vocato,

150 1745 393 1829 qualiacumque
410 1745 510 1811 vides.
553 1743 674 1811 utinam
691 1744 823 1810 meliora
839 1742 992 1810 videresl'

150 1841 182 1894 et
198 1829 304 1895 flebat.
347 1841 473 1895 moveat
490 1840 594 1895 tantos
612 1850 694 1912 quae
712 1850 809 1893 causa
826 1828 959 1904 dolores,

149 1913 330 1998 Peleusque
348 1915 541 1998 comitesque
557 1923 681 1999 rogant.
724 1912 841 1996 quibus
857 1912 911 1978 ille
927 1912 1085 1998 profatur:
1189 1931 1240 1980 290

150 1998 295 2064 ‘forsitan
312 1999 395 2065 hanc
411 1999 582 2074 volucrem,
599 2009 691 2082 rapto
709 2018 791 2081 quae
808 1997 886 2061 vivit
904 2009 936 2062 et
952 2019 1061 2062 omnes
1123 1996 1239 2078 (Dpeoa-

149 2093 246 2149 terret
262 2106 352 2161 aves,
370 2106 495 2168 semper
510 2106 632 2168 pennas
649 2081 798 2147 habuisse
815 2082 952 2166 putetis?
1146 2065 1218 2129 lton.)

149 2170 199 2232 vir
215 2168 277 2234 fuit
291 2169 481 2250 (et-tanta
499 2179 547 2232 est
564 2168 661 2232 animi
679 2167 854 2236 constantia
869 2199 913 2210 -
928 2165 994 2232 iam
1011 2178 1078 2231 tum

150 2276 224 2320 acer
240 2265 307 2320 erat
323 2253 471 2336 belloque
487 2254 578 2318 ferox
596 2254 637 2317 ad
654 2252 783 2336 vimque
800 2262 952 2342 paratus),

149 2338 277 2405 nomine
293 2338 486 2416 Daedalion3
503 2341 588 2405 tillo
605 2342 747 2426 genitore
766 2350 900 2417 creatus,
1191 2356 1240 2404 295

150 2425 207 2509 qui
224 2436 317 2489 vocat
333 2423 493 2488 Auroram
511 2424 662 2506 caeloque
679 2424 870 2487 novissimus
888 2421 963 2488 exit

151 2510 236 2576 culta
251 2509 330 2574 mihi
346 2531 411 2596 pax
428 2520 490 2586 est,
507 2507 595 2594 pacis
612 2508 690 2573 mihi
707 2530 785 2573 cura
801 2509 956 2573 tenendae

29 2649 34 2658 2
150 2595 351 2682 coniugiique
369 2594 443 2659 frritz
461 2592 551 2659 fratri
567 2594 636 2661 fera
651 2594 737 2659 bella
752 2593 930 2679 placebant.

148 2681 234 2747 illius
250 2681 350 2746 virtus
367 2701 459 2780 reges
476 2689 650 2765 gentesque
667 2678 803 2764 subegit,

149 2788 232 2851 quae
249 2788 335 2831 nunc
351 2764 528 2831 Th1sbaeas
545 2764 645 2850 agitat
661 2775 783 2830 mutata
800 2763 972 2829 columbas.
1192 2782 1242 2830 800

57 2872 58 2875 ’
149 2864 225 2917 nata
243 2862 310 2917 erat
325 2850 400 2915 huic
414 2847 551 2915 Chione.
595 2870 677 2932 quae
695 2849 891 2914 dotatissima
908 2848 1012 2913 forma
1066 2905 1077 2924 ,

150 2937 237 3002 mille
253 2958 366 3022 procos
383 2934 509 3012 habuit,
527 2934 577 3000 bis
595 2956 628 2999 se
651 2945 716 2999 tem
733 2933 851 2998 nubilis
868 2934 968 2998 annis.

151 3022 233 3088 forte
250 3032 444 3088 revertentes
461 3019 613 3085 Phoebus
669 3019 782 3101 aiaque
800 3031 935 3095 creatus,

150 3108 203 3173 ille
221 3107 286 3172 suis
304 3106 454 3193 Delphis,
472 3104 525 3170 hio
542 3104 658 3170 vertice
677 3101 843 3188 Cylleneo,

151 3193 259 3258 videre
275 3192 359 3256 hanc
375 3190 503 3277 pariter,
519 3190 637 3276 pariter
653 3199 778 3253 traxere
795 3190 941 3254 calorem.

153 3299 241 3363 spem
258 3276 394 3354 Veneris
412 3275 517 3341 differt
533 3275 567 3340 in
584 3285 727 3359 tempora
742 3273 844 3338 noctis
861 3274 994 3359 Apollo:

152 3384 217 3426 non
234 3361 296 3425 fert
312 3362 364 3426 ille
381 3382 500 3436 moras,
518 3361 671 3446 virgaque
689 3370 836 3424 movente
853 3378 999 3442 soporem

153 3445 284 3531 virginis
302 3466 337 3509 os
354 3446 466 3529 tangit.
509 3456 595 3510 tactu
612 3445 693 3510 iacet
710 3443 765 3508 illa
781 3442 901 3527 potenti

153 3531 282 3614 vimque
299 3529 351 3594 dei
368 3529 495 3614 patitur.
538 3552 603 3595 nox
620 3529 742 3593 caelum
760 3537 919 3612 sparserat
935 3525 1040 3591 astrist

153 3613 305 3681 Phoebus
323 3636 419 3678 anum
437 3614 564 3678 simulat
580 3623 810 3714 praereptaque
828 3612 946 3697 gaudia
963 3611 1068 3677 sumit.
1193 3632 1243 3682 810

153 3711 190 3765 ut
206 3722 265 3764 sua
280 3710 424 3762 maturus
441 3699 609 3782 complent
625 3709 768 3783 tempora
785 3709 905 3773 venter,

153 3784 286 3870 alipedis
303 3782 343 3849 de
362 3782 458 3868 stirpe
476 3782 526 3846 dei
544 3795 671 3848 versuta
687 3801 830 3868 propago

104 3922 108 3937 Α
152 3870 294 3936 nascitur
309 3868 502 3952 Autolycus,
520 3868 640 3932 furtum
657 3868 841 3955 ingeniosus
858 3867 900 3931 ad
917 3888 1020 3945 omne,

153 3956 208 4041 qui
225 3955 331 4021 facere
349 3962 506 4028 assuerat,
523 3952 643 4037 patriae
661 3974 726 4017 non
745 3952 986 4039 degenerastis,

154 4040 290 4109 candida
306 4040 346 4107 de
363 4037 462 4126 nigris
480 4049 512 4103 et
529 4037 568 4103 de
585 4037 792 4105 candentibus
810 4048 892 4103 atra:
