2800 4500
249 224 312 293 168
593 237 633 294 Ῥ.
652 237 778 296 OVIDlI
794 237 957 297 NASONIS
1021 257 1023 260 ’

246 362 346 440 misit,
364 372 397 429 et
414 361 575 449 oppositas
593 361 717 428 disiecit
733 362 872 448 pondere
889 363 1001 428 nubes.

179 467 229 520 180
246 448 376 515 reccidit
392 448 426 512 in
444 447 577 513 solidam
594 449 690 534 longo
707 459 781 533 post
797 458 938 533 tempore
955 458 1071 514 terram

246 534 371 621 pondus
389 544 420 600 et
438 533 581 599 exhibuit
597 533 739 598 iunctam
757 555 829 598 cum
847 532 967 598 viribus
985 546 1095 600 artem.

245 619 389 705 protinus
406 618 591 704 imprudens
609 629 764 703 actusque
781 618 930 704 cupidine
946 618 1036 684 lusus

246 705 355 771 tollere
373 703 567 769 Taenarides
585 705 695 769 orbem
711 704 911 787 properabat
955 715 987 769 at
1003 704 1094 770 illum

204 822 229 832 ff
247 791 326 855 dura
343 810 529 876 repercusso
553 790 688 873 subiecit
711 790 842 855 verbere
859 789 953 854 tellus

179 897 228 946 185
246 877 279 940 in
296 875 418 952 vultus,
436 873 629 977 Hyacinthe,
647 887 729 940 tuos.
774 874 926 961 expalluit
943 894 1054 957 aeque,

247 983 343 1046 quam
351 983 451 1110 puer,
467 983 536 1046 rpse
554 960 647 1037 deus,
666 961 885 1045 collapsosque
902 958 1019 1045 excipit
1036 970 1134 1040 artus,

247 1056 279 1112 et
296 1068 348 1110 mo
373 1067 391 1109 o
409 1056 441 1111 te
457 1044 595 1121 refovet,
613 1044 709 1110 modo
726 1044 828 1109 tristia
845 1045 977 1110 vulnera
993 1046 1100 1121 siccat,

186 1183 189 1187 .
246 1153 333 1197 nunc
351 1131 489 1196 animam
507 1131 643 1197 admotis
660 1129 837 1217 fugientem
855 1129 988 1196 sustinet
1004 1128 1121 1197 herbis.
1218 1153 1228 1173 ·

247 1216 292 1281 nil
309 1227 442 1317 prosunt
459 1227 557 1281 artes:
576 1228 643 1282 erat
659 1215 880 1281 inmedicabile
897 1216 1023 1281 vulnus.

182 1321 231 1372 190
248 1308 284 1367 ut
301 1324 328 1367 st
345 1301 416 1386 quis
433 1300 533 1367 violas
549 1301 681 1386 riguove
698 1323 839 1387 papaver
854 1301 887 1367 in
906 1302 997 1367 horto

246 1388 374 1472 liliaque
392 1386 545 1471 infringat
561 1386 658 1451 fulvis
675 1386 834 1452 horrentia
849 1385 979 1472 linguis,

247 1471 388 1538 marcida
405 1471 571 1537 demittant
588 1470 693 1536 subito
711 1482 808 1557 caput
822 1472 878 1536 illa
895 1472 1014 1538 vietum

246 1580 306 1624 nec
323 1580 358 1623 se
375 1558 566 1634 sustineant,
585 1566 790 1646 spectentque
808 1557 972 1623 cacumine
988 1570 1119 1624 terrama

247 1643 293 1709 sic
309 1643 416 1708 vultus
434 1642 570 1708 moriens
588 1642 671 1707 iacet
686 1652 720 1709 et
736 1641 861 1709 defecta
877 1644 987 1729 vigore

181 1748 230 1799 tat
246 1730 316 1815 ipsa
332 1727 393 1793 sibi
410 1739 459 1794 est
476 1727 564 1793 oneri
582 1726 689 1793 cervix
706 1749 880 1812 umeroque
896 1728 1062 1794 recumbit.
1110 1774 1111 1777 κ

248 1813 403 1893 “laberis,
422 1811 593 1891 Oebalide,
610 1812 714 1899 prima
730 1813 875 1880 fraudate
891 1813 1052 1891 iuventa,'’

248 1899 400 1965 Phoebus
419 1898 463 1964 ait
480 1899 661 1983 “videoque
678 1911 874 1977 tuum,'mea
891 1899 1036 1978 crimina,
1054 1900 1180 1966 vulnus.

185 2024 188 2030 ·
248 1996 284 2052 tu
301 1985 391 2051 dolor
408 2008 442 2050 es
460 1984 647 2069 facinusque
663 2006 786 2063 meum3
803 2007 875 2051 mea
892 1985 1023 2051 dextera
1039 1986 1103 2051 leto

248 2070 450 2137 inscribenda
466 2081 522 2136 tuo
540 2080 601 2148 est3
620 2091 680 2156 ego
698 2092 770 2135 sum
786 2069 845 2135 tibi
861 2070 980 2136 funeris
998 2083 1117 2137 auctor.

181 2176 232 2227 200
248 2177 332 2241 quae
348 2179 421 2222 mea
438 2156 532 2242 culpa
549 2155 676 2222 tamen?
691 2155 754 2221 uisi
770 2155 798 2221 si
814 2156 927 2222 lusisse
944 2155 1050 2222 vocari

248 2242 342 2330 culpa
359 2253 478 2330 potest,
495 2241 556 2307 nisi
573 2242 667 2329 culpa
682 2253 789 2327 potest
805 2252 836 2308 et
854 2265 976 2309 amasse
994 2240 1110 2308 vocari.

248 2338 344 2413 atque
360 2327 483 2393 utinam
504 2350 562 2411 pro
580 2338 612 2391 te
629 2328 727 2392 vitam
744 2338 887 2393 tecumve
903 2327 1013 2391 liceret

247 2412 643 2498 redderetquodquoniam
659 2412 749 2477 fatali
765 2413 838 2498 lege
855 2425 1008 2489 tenemur,

180 2545 182 2550 -
218 2533 221 2538 =
249 2521 373 2585 semper
389 2499 451 2563 eris
468 2520 594 2563 mecum
611 2497 806 2581 memorique
823 2499 968 2564 haerebis
984 2497 1018 2562 in
1035 2520 1099 2563 ore.

181 2602 230 2654 205
248 2595 279 2650 te
296 2585 366 2670 lyra
382 2584 475 2669 pulsa
491 2605 603 2659 manu,
622 2595 653 2648 te
671 2583 812 2648 carmina
828 2595 936 2649 nostra
953 2585 1121 2661 sonabunt,

247 2670 369 2754 flosque
386 2691 488 2733 novus
504 2667 622 2753 scripto
639 2669 777 2754 gemitus
794 2668 958 2735 imitabere
974 2680 1107 2734 nostros.

240 2766 373 2841 tempus
390 2765 422 2820 et
438 2754 517 2819 illud
535 2754 607 2833 erit,
626 2775 689 2838 quo
709 2776 743 2820 se
760 2753 949 2820 fortissimus
965 2753 1058 2820 heros

249 2840 347 2906 addat
363 2840 397 2905 in
413 2840 498 2906 hunc
514 2840 624 2905 florem
641 2839 782 2924 folioque
798 2840 923 2926 legatur
939 2838 1083 2906 eodem.’'

183 2990 186 2994 ,
220 2961 222 2964 v
249 2925 325 2991 talia
342 2926 417 2991 dum
436 2947 511 2992 vero
528 2937 744 2991 memorantur
761 2926 919 3011 Apollinis
937 2947 1001 3003 ore,

181 3032 231 3081 210
248 3032 322 3077 ecce
340 3033 442 3089 cruor,
460 3010 516 3096 qui
533 3010 624 3076 fusus
641 3010 739 3076 humo
757 3011 937 3113 signaverat
952 3010 1078 3089 herbas,

248 3096 364 3162 desinit
381 3120 450 3162 esse
468 3117 571 3173 cruor,
588 3096 752 3181 Tyrioque
769 3095 917 3162 mtentior
933 3108 1018 3163 ostro

247 3182 305 3248 flos
323 3183 423 3247 oritur
439 3182 636 3266 formamque
654 3182 740 3268 capit
756 3203 853 3266 quarn
870 3181 949 3260 lilia,
967 3183 994 3246 si
1011 3204 1074 3246 non

247 3289 425 3353 purpureus
444 3267 530 3332 color
547 3267 611 3342 his,
629 3279 799 3353 argenteus
817 3278 901 3332 esset
917 3267 951 3331 in
968 3267 1040 3332 illis.

247 3375 312 3418 non
329 3353 406 3418 satis
422 3352 483 3417 hoc
499 3351 633 3417 Phoebo
652 3363 699 3417 est
716 3350 758 3435 (is
775 3351 860 3417 enim
876 3352 938 3418 fuit
955 3364 1065 3418 auctor
1081 3351 1237 3439 honoris):

180 3457 229 3508 alc
247 3439 259 3503 i
282 3461 316 3505 se
334 3459 408 3504 suos
425 3437 562 3523 gemitus
580 3437 664 3503 foliis
680 3437 838 3514 inscribit,
856 3448 888 3502 et
904 3438 956 3503 AI
972 3438 1024 3504 AI

271 3546 306 3589 os
323 3524 420 3589 habet
436 3522 637 3609 inscriptum,
654 3521 845 3606 timestaque
861 3523 964 3589 littera
981 3523 1077 3589 ducta
1094 3534 1151 3588 est

248 3631 308 3674 nec
325 3609 473 3695 genuisse
490 3609 590 3695 pudet
607 3607 746 3694 Sparten
763 3607 983 3693 Hyacinthon,
1000 3609 1164 3693 honorque

249 3694 341 3759 durat
358 3694 392 3758 in
408 3693 469 3759 hoc
487 3693 572 3772 aevi3
590 3693 842 3777 celebrandaque
859 3716 946 3760 more
964 3695 1104 3781 priorum

249 3802 355 3845 annua
367 3780 513 3880 praelata
529 3779 663 3845 redeunt
680 3778 876 3864 Hyacinthia
892 3800 1019 3866 pompa.

181 3885 232 3935 220
291 3865 338 3929 At
350 3887 377 3929 sr
390 3865 472 3930 forte
480 3886 573 3965 roges
581 3865 752 3929 secundam
761 3864 961 3930 Amathunta
972 3864 1118 3944 metallis,
1137 3865 1270 3922 Ceratae·

249 3972 291 4014 an
307 3949 455 4036 genuisse
472 3950 549 4014 velit
565 3949 789 4035 Propoetidas,
807 3949 927 4016 abnuet
943 3972 1044 4035 aeque

249 4045 344 4123 atque
357 4034 438 4112 illos,
451 4034 579 4124 gemino
592 4034 754 4124 quondam
766 4035 882 4123 quibus
896 4058 1009 4126 aspera
1023 4057 1122 4106 cornu
