2800 4500
214 329 278 400 250
546 340 579 403 P.
599 341 724 406 urmn
740 337 904 405 assuris

142 512 145 517 =
214 472 308 538 corbe
325 469 411 549 tulit,
429 468 559 556 verique
576 470 638 537 fuit
653 471 800 537 messoris
817 468 938 558 imagol

146 576 195 626 645
214 572 357 643 tempora
373 579 468 644 saepe
486 579 601 643 gerens
618 557 713 623 faeno
730 558 863 644 religata
879 555 997 623 receuti

214 642 376 709 desectum
392 652 516 728 poterat
572 665 664 708 amen
681 666 824 708 versasse
841 642 950 708 videri.

214 751 308 813 saepe
325 750 422 793 manu
440 727 513 793 stim
548 750 583 793 os
600 728 704 813 rigida
719 729 881 814 portabat,
898 727 1041 793 utillum

106 814 109 820 ’
213 814 333 880 iurares
350 813 454 879 fessos·
468 813 562 878 modo
580 813 769 879 disiunxisse
785 815 946 880 iuvencos.

141 930 143 937 >
213 900 295 964 falce
313 900 387 964 data
404 898 567 963 frondator
584 910 651 964 erat
668 899 805 983 vitisque
822 909 965 985 putatum

146 1002 196 1051 666
212 985 359 1050 induerat
376 984 491 1049 scalas:
508 986 664 1049 lecturum
680 1005 776 1070 poma
792 996 930 1070 putares.

213 1071 303 1135 miles
321 1081 389 1135 erat
405 1070 522 1156 gladio,
539 1070 677 1156 piscator
693 1069 869 1136 harundine
886 1079 1022 1156 sumpta.

214 1155 350 1240 denique
367 1178 425 1242 per
442 1156 558 1219 multas
575 1155 695 1220 aditum
714 1155 774 1219 sibi
792 1177 886 1256 saepe
904 1155 1023 1241 figuras

212 1242 365 1328 repperit,
383 1252 420 1306 ut
436 1250 563 1326 caperet
580 1250 740 1326 spectatae
757 1242 875 1326 gaudra
891 1240 1023 1306 formae.

214 1327 268 1392 ille
286 1326 381 1392 etiam
398 1325 483 1411 picta
499 1326 663 1391 redimitus
680 1336 823 1411 tempora
839 1326 942 1403 mitra,

143 1428 195 1479 656
212 1411 349 1477 innitens
366 1411 491 1489 baculo,
508 1410 617 1496 positis
625 1433 684 1497 per
693 1421 837 1497 tempora
854 1412 951 1487 canis,

213 1496 409 1562 assimulavit
427 1519 522 1560 anum
540 1496 705 1580 cultosque
721 1498 850 1562 intravit
866 1497 900 1561 in
917 1496 1025 1562 hortos

213 1604 371 1669 pomaque
388 1581 501 1647 mirata
518 1592 566 1647 est
583 1581 765 1666 ‘tauto’que
783 1581 984 1668 ‘potentiori'
1001 1581 1105 1666 inquit

213 1689 378 1754 paucaque
395 1667 542 1732 laudatae
561 1666 648 1732 dedit
665 1667 788 1744 oscula,
806 1667 912 1751 qualia
927 1689 1102 1751 numquam

145 1784 152 1796 κ
214 1776 290 1819 vera
308 1752 446 1818 dedisset
463 1775 557 1830 anus,
574 1751 752 1838 glaebaque
769 1753 902 1818 incurva
918 1753 1044 1831 resedit,

146 1858 196 1908 666
214 1838 389 1924 suspiciens
406 1838 528 1923 pandos
546 1837 689 1902 autumni
706 1838 846 1923 pondere
862 1860 976 1904 ramos.

212 1925 317 1989 ulmus
335 1935 402 1989 erat
420 1933 529 1988 contra
546 1923 688 2009 speciosa
705 1924 877 1989 nitentibus
895 1924 966 1989 uvis
971 1948 981 2001 3

215 2031 312 2094 quam
329 2008 415 2075 socia
429 2020 598 2123 postquam
614 2009 733 2158 pariter
750 2031 823 2074 cum
839 2009 904 2075 vite
920 2008 1076 2095 probavit,

216 2101 264 2160 ‘at
281 2094 309 2160 si
327 2105 423 2160 staret
456 2095 500 2159 ait
517 2095 618 2160 ‘caele
641 2117 657 2159 s
674 2094 743 2161 siue
759 2095 888 2181 palmite
905 2106 1046 2172 truncus,

143 2210 146 2219 “
213 2180 259 2246 nil
275 2191 401 2268 praeter
417 2179 560 2258 frondes,
578 2202 675 2265 quare
692 2191 862 2267 peteretur,
879 2180 1019 2247 haberet.

146 2288 196 2338 665
214 2267 293 2333 haec
310 2289 451 2353 quoque,
470 2288 551 2351 quae
568 2267 676 2332 iuncta
693 2278 752 2345 est,
769 2266 842 2332 vitis
859 2267 1027 2351 requiescit
1044 2266 1077 2331 in
1094 2266 1163 2332 illa:

214 2353 241 2417 si
258 2375 322 2417 non
339 2364 441 2438 nupta
457 2352 552 2431 foret,
570 2362 672 2419 terrae
690 2353 844 2418 acclinata
860 2352 986 2419 iaceret.

214 2449 250 2503 tu
268 2450 374 2503 tamen
391 2460 483 2503 exem
505 2438 537 2502 lc
553 2459 618 2503 non
635 2437 775 2524 tangeris
792 2437 913 2502 arboris
930 2437 1025 2504 huius

214 2523 465 2608 concubitusque
481 2460 568 2608 dagis
585 2544 645 2588 nec
661 2533 694 2588 te
712 2523 904 2608 coniungere
922 2546 1023 2589 curas.
1183 2595 1187 2608 Ι

143 2633 148 2646 ¹
214 2620 310 2691 atque
327 2607 449 2673 utinam
464 2607 577 2673 velles!
603 2609 729 2673 Helene
745 2630 809 2673 non
826 2608 969 2695 pluribus
987 2618 1070 2674 esset

146 2713 196 2763 676
214 2693 379 2759 sollicitata
395 2692 514 2779 procis,
530 2714 591 2759 nec
608 2713 690 2777 quae
708 2693 879 2779 Lapitheia
894 2694 995 2759 movit

212 2779 344 2865 proelia,
362 2801 422 2844 nec
438 2778 576 2843 coniunx
593 2778 725 2844 nimium
743 2779 894 2845 tardantis
911 2778 1028 2844 Ulixis.

213 2886 298 2944 nunc
314 2884 456 2948 quoque,
475 2887 549 2930 cum
565 2864 671 2950 fugias
689 2865 905 2949 averserisque
922 2875 1075 2951 petentes,

212 2949 297 3015 mille
314 2949 375 3014 viri
392 2950 525 3035 cupiunt
542 2961 572 3015 et
591 2950 785 3036 semideique
804 2951 918 3034 deique

213 3046 244 3101 et
262 3056 481 3119 quaecumque
498 3046 606 3100 teuent
623 3036 768 3102 Albanos
785 3036 917 3101 numina
935 3045 1066 3100 montes.

145 3140 194 3190 676
214 3121 270 3186 sed
287 3131 323 3185 tu
341 3121 368 3185 si
386 3121 504 3206 sapies,
522 3120 550 3185 si
567 3133 599 3186 ta
616 3120 699 3187 bene
716 3121 848 3207 iungere
866 3143 1024 3204 anumque

212 3207 296 3271 hanc
314 3206 423 3272 audire
439 3206 542 3284 voles,
561 3226 643 3290 quae
661 3217 693 3272 tc
710 3207 783 3292 plus
801 3206 947 3271 omnibus
964 3206 1037 3283 illis,

233 3291 284 3356 lus
301 3312 397 3376 quam
415 3292 531 3369 credis,
550 3313 631 3369 amo,
651 3292 798 3378 vulgares
816 3291 898 3357 reice
915 3292 1035 3369 taedas,

211 3314 489 3461 llertumnumque
507 3377 568 3441 tori
585 3377 704 3442 socium
723 3377 780 3441 tibi
798 3377 911 3463 selige:
930 3400 987 3462 pru
1005 3397 1069 3460 quo

146 3493 149 3498 ·
211 3484 264 3526 mc
282 3483 408 3547 quoque
425 3463 542 3548 pignus
559 3461 652 3527 habe.
687 3484 791 3546 neque
809 3463 894 3526 enim
911 3462 972 3526 sibi
988 3461 1092 3526 notior
1108 3461 1161 3525 ille
1179 3471 1238 3538 est,

144 3566 195 3616 680
213 3568 309 3629 quam
326 3547 413 3612 mihi.
457 3569 517 3613 uec
534 3547 653 3633 passim
671 3558 736 3612 toto
754 3569 856 3631 vagus
875 3559 959 3612 errat
974 3548 1008 3613 in
1025 3548 1111 3624 orbe,
1128 3583 1172 3592 —

211 3632 291 3698 haec
308 3633 378 3698 loca
395 3634 463 3698 sola
479 3632 554 3697 colit
569 3668 614 3679 —
630 3653 689 3697 nec
706 3632 752 3696 uti
770 3654 842 3718 pars
860 3656 978 3719 magna
993 3654 1172 3718 procorum,

211 3740 291 3801 quas
308 3719 403 3783 modo
420 3718 514 3795 vidit,
532 3728 626 3782 amat.
670 3728 706 3781 tu
723 3717 844 3802 primus
862 3728 895 3783 et
911 3718 1041 3783 ultimus
1058 3718 1104 3782 illi

211 3803 306 3867 ardor
322 3803 398 3881 eris,
417 3803 540 3887 solique
558 3823 632 3867 suos
649 3802 708 3868 tibi
726 3802 861 3868 devovet
879 3825 990 3868 annos.

146 3920 147 3923 ¹
212 3887 308 3963 adde,
326 3888 413 3970 quod
431 3887 633 3966 adinvenis,
650 3887 737 3973 quod
754 3889 897 3954 naturale
914 3888 1036 3954 decoris

145 3988 194 4037 666
213 3992 328 4035 muuus
346 3971 442 4036 habet
459 3972 639 4055 formasque
658 3983 731 4058 apte
748 3972 887 4058 fingetur
903 3974 936 4038 iu
954 3996 1075 4052 omnes,

212 4065 243 4118 et
260 4054 347 4136 quod
364 4055 423 4120 erit
439 4056 558 4133 iussus,
576 4057 686 4122 iubeas
708 4057 782 4122 licet
799 4058 919 4136 omnia,
936 4059 1000 4124 fiet

212 4137 304 4222 quid5
321 4139 408 4222 quod
425 4140 536 4205 amatis
554 4141 657 4206 idem?
679 4142 776 4227 quod,
795 4165 877 4228 quae
895 4144 952 4209 tibi
969 4166 1065 4231 poma
1082 4144 1240 4225 coluntur,
