2800 4500
304 784 971 916 MurruoarHosuou

498 1080 616 1137 LIBER
629 1079 783 1139 PRIMUS.

174 1345 215 1411 In
230 1366 315 1410 nova
329 1342 395 1410 fert
411 1341 533 1408 animus
549 1351 687 1408 mutatas
705 1340 809 1407 dicere
826 1340 945 1407 formas

131 1451 277 1532 corpora:
296 1428 343 1506 di,
361 1428 480 1514 coeptis
495 1425 585 1513 (nam
602 1449 660 1493 vos
675 1426 823 1492 mutastis
840 1438 873 1493 et
888 1426 974 1512 illas)

131 1538 168 1582 as
190 1527 269 1581 1rate
286 1514 386 1591 meis,
397 1514 563 1599 primaque
580 1513 622 1578 ab
639 1513 889 1599 origine'mundi

131 1624 152 1667 a
190 1623 263 1667 mea
279 1611 469 1686 perpetuum
486 1598 633 1664 deducite
650 1609 794 1684 tempora
811 1596 952 1664 carmenl
1170 1617 1187 1663 4

175 1686 262 1752 Ante
278 1707 366 1751 mare
383 1696 416 1751 et
432 1695 531 1750 terras
548 1696 595 1762 et,
612 1684 698 1768 quod
716 1696 747 1749 te
771 1685 796 1748 ‘t
812 1683 932 1762 omnia,
951 1683 1074 1748 caelum
1118 1680 1221 1761 &antiq

130 1794 216 1837 unus
234 1782 302 1837 erat
318 1782 384 1837 toto
401 1782 533 1836 naturae
550 1769 657 1834 vultus
673 1770 707 1834 in
724 1791 760 1834 or
783 1791 811 1847 e,
1123 1748 1220 1804 mma

131 1879 229 1942 quem
246 1857 355 1923 dixere
372 1855 483 1922 chaos:
500 1854 588 1920 rudis
605 1854 826 1940 indigestaque
842 1855 953 1932 moles,

15 2012 16 2017 ,
130 1965 192 2009 nec
209 1943 380 2026 quicquam
396 1941 458 2006 nisi
473 1940 598 2027 pondus
615 1940 699 2005 iners
718 1950 931 2026 congestaque
948 1939 1061 2005 eodem

130 2049 197 2094 non
215 2027 296 2092 bene
313 2028 492 2092 iunctarum
509 2025 666 2091 discordia
683 2025 805 2091 semina
821 2047 937 2091 rerum.

15 2158 16 2185 r
130 2115 239 2179 nullus
256 2112 361 2177 adhuc
376 2112 496 2176 mundo
513 2111 687 2197 praebebat
702 2110 823 2176 lumina
839 2110 946 2188 Titan,
1173 2130 1206 2181 10

15 2257 16 2268 2
130 2221 192 2267 nec
209 2219 293 2264 nova
310 2198 479 2265 crescendo
496 2197 663 2284 reparabat
681 2218 800 2263 cornua
815 2194 959 2276 Phoebe,

30 2345 33 2348 .
130 2306 192 2351 nec
210 2284 402 2349 circumfuso
418 2284 578 2370 pendebat
594 2282 628 2348 in
645 2289 718 2349 ae’re
735 2283 828 2349 tellus

130 2369 327 2458 ponderibus
343 2368 457 2434 librata
474 2370 554 2446 suis,
571 2391 630 2435 nec
647 2369 795 2435 bracchia
810 2368 908 2455 longo

130 2455 276 2541 margine
293 2466 448 2521 terrarum
465 2464 648 2540 porrexerat
664 2454 872 2540 Amphitrite:

16 2571 17 2574 ¹
131 2550 232 2623 utque
250 2551 317 2605 erat
334 2550 367 2605 et
382 2539 477 2605 tellus
493 2538 559 2603 illic
577 2547 609 2602 et
626 2548 745 2624 pontus
763 2548 796 2603 et
812 2542 877 2615 ae'r,

16 2646 19 2653 ·
132 2626 177 2690 sio
196 2635 265 2690 erat
280 2623 435 2689 instabilis
452 2624 559 2699 tellus,
576 2624 724 2688 innabilis
741 2625 838 2702 unda,

130 2710 213 2776 lucis
230 2731 328 2796 egens
345 2714 409 2774 adr.
452 2707 531 2773 nulli
547 2731 606 2773 sua
622 2709 725 2774 forma
741 2710 900 2787 manebat,

17 2809 18 2840 r
131 2795 342 2879 obstabatque
360 2793 430 2859 aliis
447 2794 549 2871 aliud,
566 2794 642 2878 quia
659 2816 790 2881 corpore
806 2796 839 2860 in
856 2816 921 2861 uno

17 2881 19 2890 ’
131 2880 172 2944 fri
196 2880 250 2944 'da
266 2879 456 2966 pugnabant
472 2878 596 2957 calidis,
614 2880 756 2945 umentia
772 2880 873 2959 siccis,

131 2904 240 3031 mdiu
257 2987 330 3030 cum
348 2964 450 3041 duna,
467 2965 535 3029 sine
552 2966 692 3050 pondere
709 2965 859 3032 habentia
875 2965 1009 3051 pondus.

17 3043 18 3050 '
63 3060 66 3065 '
131 3048 216 3116 hanc
233 3051 312 3115 deus
330 3062 361 3117 et
379 3049 490 3116 melior
505 3049 594 3115 litem
610 3062 725 3116 natura
741 3051 876 3116 diremit

132 3156 208 3199 nam
225 3136 312 3201 caelo
330 3146 429 3202 terras
447 3147 479 3200 et
495 3135 587 3201 terris
604 3135 740 3201 abscidit
755 3137 857 3202 undas

133 3230 164 3285 et
181 3220 338 3304 liquidum
355 3221 456 3307 spisso
474 3220 608 3286 secrevit
624 3222 666 3287 ab
684 3227 757 3287 ae're
774 3224 907 3288 caelum.
1001 3249 1004 3255 ·

132 3326 215 3388 quae
231 3317 400 3408 postquam
417 3306 534 3372 evolvit
551 3327 708 3391 caecoque
725 3308 842 3373 exemit
858 3327 983 3388 acervo,

132 3389 301 3457 dissociata
317 3391 396 3457 locis
413 3392 561 3457 concordi
577 3414 657 3479 pace
674 3392 795 3479 ligavit.

131 3473 227 3560 ignea
244 3477 379 3543 convexi
395 3476 444 3542 vis
461 3488 494 3544 et
510 3477 577 3544 sine
594 3478 735 3563 pondere
752 3479 831 3544 caeli

132 3560 261 3627 emicuit
278 3583 465 3646 summaque
481 3563 587 3628 locum
603 3563 665 3627 sibi
682 3563 758 3630 fecit
773 3563 806 3628 in
823 3587 910 3631 arce:

131 3646 296 3728 proximus
314 3657 362 3713 est
379 3653 433 3713 adr
448 3647 495 3713 illi
511 3648 639 3714 levitate
655 3649 805 3734 locoque:

131 3728 258 3797 densior
275 3732 324 3798 his
342 3733 435 3798 tellus
452 3734 670 3819 elementaque
686 3734 820 3819 grandia
836 3734 933 3800 traxit

131 3824 163 3878 et
179 3836 290 3915 pressa
307 3829 355 3883 est
371 3818 527 3919 gravitate
544 3841 608 3883 sua.
646 3818 849 3887 circumfluus
865 3842 959 3887 umor

131 3897 243 3966 ultima
259 3904 400 3988 possedit
416 3903 616 3987 solidumque
633 3905 771 3971 codrcuit
788 3906 906 3973 orbem.

132 3980 178 4046 sic
195 3984 251 4050 ubi
268 3987 465 4074 dispositam,
483 3988 626 4073 quisquis
643 3989 704 4054 fuit
720 3989 774 4056 ille
791 3991 932 4070 deorum,

130 4071 312 4154 congeriem
329 4074 430 4140 secuit
446 4085 627 4160 sectamque
644 4074 678 4140 in
695 4076 839 4143 membra
855 4076 992 4165 redegitz

179 4164 329 4218 mnan
379 4161 385 4166 ’
