2800 4500
317 265 684 324 METAMORPHOSEON
700 266 775 323 LIB.
793 266 845 322 111.
864 266 1010 323 306-393.
1129 252 1171 318 47

150 415 265 478 resque
283 392 395 477 prohat
412 391 530 475 letique
547 414 648 477 genus
666 390 854 475 novitasque
871 391 997 457 furoris.
1190 410 1241 461 sto

150 500 289 561 namque
307 489 354 544 ter
370 476 411 541 ad
429 477 542 561 quinos
559 499 660 541 unum
679 473 848 562 Cephisius
866 499 985 543 annum

152 564 331 641 addiderat,
349 574 536 648 poteratque
552 585 633 648 puer
650 562 838 647 iuvenisque
855 562 965 629 videri.

150 650 242 715 multi
258 650 349 713 illum
365 648 509 726 iuvenes,
527 649 645 713 multae
663 648 790 733 cupiere
808 649 947 734 puella03

152 736 210 801 sed
225 734 287 801 fuit
303 734 337 798 in
354 746 463 800 tenera
480 745 546 799 tam
564 733 644 798 dura
661 733 811 819 superbia
827 734 943 798 forma:

150 820 230 887 nulli
246 820 336 887 illum
353 820 497 895 iuvenes,
515 820 621 884 nullae
639 818 771 905 tetigere
787 820 922 905 puellae.
1192 837 1241 888 855

152 905 264 992 aspicit
281 905 367 970 hunc
384 904 523 990 trepidos
541 904 714 990 agitantem
730 904 764 969 in
780 905 861 971 retia
877 926 987 971 cervos
1141 919 1242 988 (Bato.)

152 991 270 1057 vocalis
287 990 442 1077 nymphe,
459 1011 542 1074 quae
558 1012 618 1055 nec
635 990 766 1055 reticere
783 989 924 1073 loquenti

152 1099 212 1142 nec
228 1076 314 1162 prior
331 1076 401 1162 ipsa
417 1075 506 1159 loqui
523 1074 647 1152 didicit,
664 1075 850 1141 resonabilis
867 1075 969 1141 Echo.

155 1183 268 1247 corpus
285 1161 391 1226 adhuc
408 1160 514 1238 Echo,
531 1182 596 1225 non
613 1182 675 1225 vox
693 1172 770 1226 erat.
814 1172 845 1226 et
863 1173 968 1226 tamen
986 1183 1080 1225 usum

153 1247 280 1333 garrula
297 1268 361 1312 non
379 1247 490 1322 alium,
508 1267 605 1329 quam
622 1268 708 1311 nunc
724 1245 836 1325 habet,
853 1248 916 1312 oris
933 1246 1081 1323 habehat,
1192 1265 1243 1315 360

154 1332 284 1397 reddere
302 1332 341 1396 de
359 1331 466 1396 multis
483 1345 519 1396 ut
536 1331 634 1396 verba
650 1331 823 1396 novissima
838 1343 957 1418 posset.

154 1418 272 1483 iecerat
288 1416 349 1481 hoc
366 1417 458 1493 Iuno,
477 1417 565 1500 quia,
583 1438 657 1482 cum
675 1417 869 1502 deprendere
886 1428 993 1504 posset

154 1524 227 1568 cum
245 1503 321 1568 Iove
339 1524 434 1587 saepe
451 1523 509 1567 suo
526 1502 682 1588 nymphas
699 1502 732 1566 in
750 1513 856 1569 monte
873 1503 1021 1581 iacentes,

153 1588 208 1653 illa
226 1586 318 1653 deam
335 1587 430 1673 longo
447 1587 587 1674 prudens
604 1610 748 1654 sermone
765 1589 903 1666 tenebat,

154 1674 231 1738 dum
247 1673 396 1759 fugerent
411 1672 581 1759 nymphae.
624 1683 793 1759 postquam
811 1672 961 1739 Saturnia
978 1673 1085 1749 sensit,

154 1757 277 1823 ‘huius’
295 1758 338 1822 ait
356 1757 514 1844 ‘linguae,
532 1779 596 1841 qua
613 1781 684 1823 sum
702 1759 827 1837 delusa,
844 1770 985 1846 potestas

153 1866 253 1931 parva
271 1843 328 1908 tibi
346 1843 474 1909 dabitur
490 1843 641 1927 vocisque
658 1845 862 1909 brevissimus
881 1845 987 1909 ususr'

152 1951 251 2013 reque
268 1929 370 1993 minas
387 1929 501 1994 firmat.
544 1940 651 1994 tamen
668 1929 748 1995 haec
764 1930 797 1994 in
813 1930 876 1995 fine
893 1928 1042 2014 loquendi

152 2013 328 2100 ingeminat
345 2035 439 2079 voces
456 2013 627 2098 auditaque
644 2015 743 2080 verba
760 2027 909 2101 reportat.

153 2123 189 2164 er
212 2121 231 2163 ο
248 2098 305 2162 ubi
321 2098 505 2164 Narcissum
523 2122 581 2185 per
598 2099 691 2164 devia
708 2122 782 2165 rura
798 2111 967 2200 vagantem

153 2186 186 2250 vi
210 2184 234 2250 ’t
251 2196 282 2250 et
299 2184 444 2262 incaluit,
463 2185 606 2269 sequitur
622 2185 758 2271 vestigia
775 2185 898 2251 furtim:

154 2291 282 2354 quoque
299 2270 401 2357 magis
419 2271 570 2354 sequitur,
587 2271 716 2336 flamma
732 2272 878 2357 propiore
896 2270 1034 2349 calescit,

154 2377 218 2419 non
236 2355 336 2432 aliter,
353 2377 449 2439 quam
467 2378 541 2420 cum
558 2357 690 2421 summis
708 2357 882 2422 circumlita
899 2356 1001 2422 taedis

154 2440 297 2505 admotas
314 2441 440 2526 rapiunt
457 2441 581 2506 vivacia
598 2442 752 2527 sulphura
767 2443 920 2507 flammas.

154 2549 173 2589 o
191 2526 337 2609 quotiens
354 2526 454 2590 voluit
472 2527 595 2591 blandis
613 2528 764 2593 accedere
782 2528 873 2593 dictis

154 2621 186 2677 et
202 2610 313 2676 molles
331 2611 481 2677 adhibere
498 2611 623 2697 precesl
641 2624 756 2677 natura
772 2624 929 2699 repugnat

146 2717 213 2761 neo
230 2696 318 2772 sinit,
335 2696 475 2782 incipiat.
519 2697 590 2773 sed,
607 2698 694 2781 quod
711 2698 799 2775 sinit,
817 2698 872 2763 illa
888 2709 999 2784 parata
1017 2708 1064 2763 est

153 2795 321 2867 expectare
340 2803 447 2855 sonos,
465 2782 507 2846 ad
523 2803 604 2865 quos
621 2806 679 2847 sua
695 2783 794 2848 verba
810 2785 958 2849 remittat.

153 2867 234 2931 forte
252 2889 341 2952 puer,
360 2867 511 2932 comitum
528 2867 679 2933 seductus
696 2867 738 2932 ab
756 2869 882 2954 agmine
899 2869 975 2946 fido,

154 2951 277 3017 dixerat
294 2952 417 3034 ‘ecquis
435 2952 568 3029 adesti',
586 2963 618 3017 et
636 2953 753 3017 ‘adest'
771 2954 976 3039 responderat
993 2954 1093 3019 Eeho.

153 3036 205 3099 hic
223 3048 329 3122 stupet
346 3050 441 3120 atque
459 3037 559 3102 aciem
577 3048 683 3124 partes
701 3038 831 3103 dimittit
847 3038 881 3103 in
898 3061 1017 3104 omnes.

153 3142 231 3185 voce
249 3120 350 3186 ‘veni'
368 3144 486 3207 magna
503 3122 627 3187 clamat.
671 3134 764 3188 vocat
781 3123 835 3188 illa
852 3137 1029 3189 vocantem.

152 3205 293 3291 respicit,
312 3218 343 3271 et
360 3229 470 3272 rursus
486 3208 574 3271 nullo
591 3207 737 3273 veniente
756 3209 860 3292 ‘quid'
878 3209 980 3293 inquit

153 3299 218 3355 ‘me
236 3289 353 3376 fugisi'
372 3307 404 3356 et
420 3292 567 3367 totidem,
585 3304 662 3376 quot
680 3293 777 3393 dixit,
791 3293 889 3359 verba
897 3295 1033 3395 recepit.

152 3377 493 3538 Ριῗὲῗῗᾰθὲἷηῗέῗᾟῗ
506 3378 819 3546 lttllitltltt?
832 3401 985 3546 liliam

151 3567 343 3632 responsura
359 3567 437 3611 sono
455 3549 631 3614 ‘coeamus'
649 3549 770 3614 rettulit
787 3548 878 3614 Echo

152 3645 182 3695 et
201 3631 305 3697 verbis
323 3632 411 3697 favet
427 3631 498 3717 ipsa
514 3633 594 3710 suis,
613 3655 804 3719 egressaque
821 3635 901 3699 silva

150 3716 231 3792 ibat,
249 3728 285 3781 ut
302 3716 433 3782 iniceret
451 3731 575 3802 sperato
593 3718 741 3784 bracchia
759 3720 849 3783 collo.

150 3802 203 3866 ille
220 3801 305 3887 fugit
322 3802 512 3886 fugiensque
530 3809 656 3868 ‘manus
675 3804 892 3889 complexibus
910 3804 1013 3871 auferl
1190 3826 1240 3878 890

151 3885 240 3950 ante’
259 3886 303 3950 ait
322 3888 480 3961 ‘emoriar‚
498 3909 594 3971 quam
612 3890 653 3953 sit
669 3889 728 3955 tibi
745 3889 837 3975 copia
853 3890 972 3955 nostri!

150 3971 268 4035 rettulit
286 3972 341 4036 illa
357 3971 435 4035 nihil
454 3971 515 4037 nisi
533 3974 588 4038 ‘sit
605 3974 663 4039 tibi
680 3974 772 4060 copia
789 3975 915 4041 nostril'

79 4075 82 4082 ⁴
150 4071 256 4142 spreta
273 4056 350 4122 latet
368 4056 454 4123 silvis
471 4058 721 4146 pudibundaque
738 4060 903 4126 frondibus
921 4082 977 4127 ora
