2800 4500
225 263 269 335 ta
555 282 589 342 1.
609 282 733 348 ovrnn
749 281 912 348 11110111

160 407 889 556 11001111111011111111111111Ρ1101111111ο11111111
907 413 1028 480 urbem.
1099 501 1107 516 ·
1166 499 1176 519 ·

227 494 1177 670 1111111111ῂὲὗὲξὶΜῗὲζὲἓ1ῗέῃῗςῖᾶὲθ’”ᾶθ“

227 665 438 751 contigerant:
455 667 519 731 huc
537 668 618 734 adde
635 692 737 754 genus
754 670 795 735 de
812 671 948 757 coniuge
965 682 1063 749 tanta,

227 761 274 815 tot
289 762 380 815 natos
397 763 551 836 natasque
568 765 614 830 et,
632 755 764 839 pignora
781 778 869 833 cara,
886 769 1027 843 nepotes,

160 855 209 904 135
227 835 285 899 hos
302 857 429 921 quoque
446 839 510 902 iam
527 839 667 904 iuvenes.
712 841 768 905 sed
785 842 904 907 scihoet
921 842 1032 908 ultima
1049 864 1174 929 semper

227 923 423 1007 expectanda
440 923 508 988 dies
525 924 644 988 homini
666 937 723 1000 est,
742 924 867 1007 dicique
884 925 997 989 beatus

227 1020 300 1073 ante
317 1007 438 1072 obitum
456 1030 549 1073 nemo
566 1030 778 1094 supremaque
795 1011 908 1076 funera
925 1013 1028 1078 debet.

270 1092 380 1158 Prima
388 1114 488 1179 nepos
496 1095 578 1158 inter
591 1105 638 1160 tot
650 1117 701 1159 res
715 1095 783 1170 tibi,
798 1093 930 1173 Cadme,
944 1098 1101 1163 secundas
1129 1117 1250 1169 Actaeon.

227 1201 324 1244 causa
340 1178 401 1243 fuit
419 1179 537 1257 luctus,
555 1178 721 1263 alienaque
738 1201 857 1245 cornua
873 1183 970 1246 fronti

117 1292 119 1295 ’
160 1282 210 1335 140
226 1264 349 1341 addita,
366 1285 488 1348 vosque
505 1286 599 1330 canes
617 1265 749 1330 satiatae
767 1267 920 1351 sanguine
938 1267 1015 1332 erili.

227 1362 260 1414 at
277 1349 358 1415 bene
376 1349 402 1412 si
420 1369 569 1432 quaeras,
587 1350 733 1416 fortunae
751 1351 868 1416 crimen
886 1352 919 1416 in
936 1353 1000 1428 illo,

227 1457 291 1500 uon
309 1435 411 1499 scelus
428 1434 584 1500 invenies:
602 1436 688 1519 quod
705 1437 789 1501 enim
807 1438 910 1502 scelus
928 1460 1014 1504 error
1030 1439 1186 1505 habebat?

228 1542 318 1585 mons
336 1530 403 1585 erat
420 1519 555 1585 infectus
572 1521 731 1585 variarum
749 1523 845 1587 caede
862 1522 1011 1599 ferarum,

226 1606 353 1688 iamque
371 1605 442 1670 dies
454 1606 577 1670 medius
594 1629 699 1671 rerum
717 1618 914 1673 contraxerat
930 1608 1070 1688 umbras,

161 1710 209 1760 145
227 1703 258 1756 11
277 1691 323 1756 101
341 1713 381 1756 ex
398 1711 500 1774 aequo
517 1702 602 1756 meta
619 1692 756 1756 distabat
773 1704 921 1776 utraque:

228 1800 300 1843 cum
317 1776 440 1842 iuvenis
456 1776 581 1862 placido
598 1799 655 1862 per
672 1777 765 1843 devia
780 1778 880 1843 lustra
897 1791 1049 1866 vagantes

125 1882 127 1887 ·
227 1861 395 1948 participes
413 1884 544 1948 operum
562 1863 731 1948 compellat
746 1865 908 1949 Hyantius
926 1886 994 1930 ore:

228 1947 305 2012 ‘lina
322 1948 464 2025 madent,
481 1948 625 2025 comites,
644 1949 828 2033 ferrumque
845 1971 956 2016 cruore
972 1950 1122 2032 ferarum,

227 2033 435 2117 fortunaeque
462 2033 529 2099 dies
551 2034 664 2099 habuit
680 2034 767 2100 satis.
810 2036 909 2100 altera
924 2036 1029 2102 lucem

161 2139 211 2189 150
229 2140 301 2183 cum
319 2119 436 2183 croceis
454 2119 578 2185 invecta
595 2119 672 2184 rotis
689 2121 817 2185 Aurora
834 2122 973 2198 reducet,

226 2205 423 2291 propositum
440 2216 618 2291 repetemus
636 2226 726 2291 opus.
769 2228 854 2272 nunc
870 2206 1022 2273 Phoebus
1039 2219 1174 2294 utraque

227 2290 323 2355 distat
339 2290 422 2355 idem
440 2302 524 2355 terra
540 2291 693 2374 finditque
710 2291 881 2378 vaporibus
899 2316 984 2357 arva.

227 2375 326 2441 sistite
344 2397 423 2460 opus
440 2398 589 2459 praesens
605 2376 790 2460 nodosaque
805 2377 905 2441 tollite
921 2377 1007 2442 lina’

226 2461 313 2525 iussa
329 2460 389 2524 viri
405 2460 526 2524 faciunt
542 2460 813 2545 intermittuntque
831 2461 981 2527 laborem.

160 2565 209 2614 1⁵5
227 2545 318 2610 vallis
336 2556 403 2610 erat
419 2546 516 2630 piceis
533 2555 566 2609 et
582 2558 676 2609 acuta
693 2545 792 2610 densa
810 2568 972 2632 cupressu,

227 2630 354 2695 nomine
372 2628 571 2716 Gargaphie,
589 2630 767 2696 succinctae
784 2652 874 2696 sacra
889 2631 1025 2711 Dianae,

227 2715 318 2780 cuius
334 2715 368 2780 in
385 2728 525 2781 extremo
543 2727 591 2780 est
607 2726 733 2780 antrum
749 2717 908 2782 nemorale
925 2740 1063 2795 recessu,

227 2813 293 2866 arte
310 2800 488 2865 laboratum
505 2801 605 2865 nullaz
624 2802 827 2867 simulaverat
844 2814 943 2868 artem

163 2937 166 2942 .
226 2885 353 2971 ingenio
370 2897 484 2951 natura
501 2901 573 2963 111ος
591 2910 666 2951 nam
683 2888 809 2972 pumice
827 2888 899 2953 vivo

160 2992 209 3042 100
227 2983 258 3036 11
275 2971 398 3036 levibus
415 2971 486 3036 tofis
504 2971 648 3036 nativum
665 2972 799 3038 duxerat
815 2995 934 3039 arcum.

226 3057 298 3122 fons
316 3068 407 3122 sonat
424 3081 444 3122 a
461 3058 586 3134 dextra,
604 3058 692 3122 tenui
709 3058 889 3143 perlucidus
907 3060 1003 3137 unda,

226 3143 368 3228 margine
385 3143 547 3244 gramineo
564 3142 688 3228 patulos
707 3143 861 3209 incinctus
878 3144 993 3210 hiatus.

226 3228 278 3292 hic
295 3228 355 3293 dea
371 3229 521 3293 srlvarum
539 3239 656 3292 venatu
673 3228 759 3293 fessa
776 3230 896 3293 solebat

226 3313 384 3399 virgineos
401 3325 488 3378 artus
505 3313 625 3396 liquido
642 3314 831 3399 perfundere
850 3336 930 3379 1011.

160 3419 208 3469 165
226 3419 289 3482 quo
306 3411 475 3485 postquam
492 3399 603 3475 subiit,
620 3399 832 3483 nympharum
849 3399 977 3463 tradidit
993 3398 1049 3463 uni

226 3484 400 3568 armigerae
417 3483 556 3549 iaculum
573 3483 816 3567 pharetramque
834 3505 988 3568 arcusque
1005 3496 1142 3550 retentos
1147 3509 1157 3563 3

225 3570 324 3632 altera
341 3568 501 3653 depositae
519 3569 653 3633 subiecit
668 3568 816 3632 bracchia
832 3569 950 3654 pallae3

225 3652 329 3717 vincla
346 3653 427 3717 duae
445 3654 578 3737 pedibus
596 3653 736 3718 demunt.
779 3676 853 3716 nam
871 3653 991 3718 doctior
1008 3654 1069 3718 illis

224 3737 359 3802 Ismenis
378 3736 511 3802 Crocale
527 3760 653 3824 sparsos
670 3760 728 3823 per
744 3738 825 3802 colla
843 3738 971 3824 capillos

158 3839 208 3890 110
225 3821 345 3907 colhgit
360 3822 394 3886 in
410 3823 544 3900 nodum,
562 3822 708 3907 quamvis
726 3833 793 3888 erat
809 3824 880 3907 ipsa
897 3825 1016 3889 solutis.

225 3906 385 3992 excipiunt
401 3908 525 3972 laticem
542 3907 750 3993 Nepheleque
767 3907 935 3993 Hyaleque
952 3908 1136 3993 Rhanisque

225 4003 256 4056 et
273 3990 392 4057 Psecas
410 4004 441 4057 et
457 3991 585 4069 Phiale,
603 3993 804 4076 funduntque
822 3994 991 4079 capacibus
1009 3995 1105 4060 urnis.

224 4076 363 4165 dumque
379 4077 424 4143 ibi
441 4078 595 4164 perluitur
610 4078 704 4144 solita
719 4077 847 4144 Titania
862 4079 1003 4167 lympha,
