2800 4500
298 297 665 356 METAMORPHOSEON
681 299 755 354 LIB.
774 300 812 354 X.
830 301 987 357 cte-706:
1086 288 1148 355 179

126 422 233 488 aridus
251 423 369 489 classo
386 422 534 488 veniebat
550 421 708 488 anhelitus
726 443 795 500 ore3

125 521 274 591 metaque
292 520 359 574 erat
375 509 484 593 longe:
502 518 571 573 tum
588 508 724 590 denique
742 507 782 573 de
800 508 900 573 tribus
918 532 1018 575 unum

125 592 243 658 fetibus
260 593 400 658 arboreis
417 594 521 679 proles
538 594 700 678 Neptunia
717 593 812 658 misit.

125 678 278 763 obstipuit
294 678 394 764 virgo,
412 678 566 763 nitidique
583 678 731 765 cupidine
748 680 835 765 pomi

126 763 263 829 declinat
280 785 390 829 cursus
408 784 585 847 aurumque
601 763 741 829 volubile
758 763 849 829 tollit.

121 850 274 949 praeterit
290 851 524 935 Hippomenes:
542 859 692 914 resonant
709 850 889 935 spectacula
906 851 1030 935 plausu.

47 954 99 997 a>
124 934 179 999 1111
196 955 317 999 moram
334 933 429 1000 celeri
445 945 630 1018 cessataque
647 947 791 1020 tempora
807 956 903 1000 cursu

125 1019 254 1105 corrigit
270 1032 366 1104 atque
383 1020 498 1084 iterum
515 1020 663 1084 iuvenem
680 1031 754 1106 post
770 1031 861 1107 terga
877 1019 1036 1105 relinquit.

125 1117 158 1170 et
173 1127 283 1170 rursus
300 1105 387 1190 pomi
403 1105 490 1169 iactu
506 1115 664 1170 remorata
681 1105 813 1170 secundi

124 1190 328 1273 consequitur
345 1191 519 1273 transitque
536 1190 650 1254 virum.
693 1213 767 1277 pars
785 1192 896 1257 ultima
914 1213 1025 1257 cursus

123 1274 273 1341 restabat.
304 1274 458 1339 “‘nunc’''
476 1276 579 1359 inquit
596 1275 718 1352 “‘ades,
734 1277 797 1341 dea
813 1277 952 1342 muneris
971 1277 1131 1343 auctor1'''

124 1360 220 1443 inque
237 1361 320 1425 latus
339 1359 457 1445 campi,
475 1381 538 1443 quo
555 1360 676 1426 tardius
693 1362 749 1427 illa
764 1362 891 1440 rediret,

122 1444 198 1511 iecit
215 1445 255 1509 ab
274 1445 403 1528 obliquo
421 1445 555 1510 nitidum
572 1445 760 1512 iuvenaliter
776 1470 898 1513 aurum.

123 1554 164 1596 an
182 1542 317 1616 peteret,
335 1531 426 1616 virgo
443 1531 512 1595 visa
529 1543 577 1596 est
595 1532 755 1599 dubitare:
775 1533 866 1619 coegi

123 1616 232 1682 tollere
249 1628 281 1681 et
297 1616 398 1682 adieci
416 1616 541 1681 sublato
557 1617 700 1703 pondera
717 1618 811 1696 malo,

52 1725 102 1779 Α)
122 1700 316 1786 impediique
333 1702 437 1767 oneris
453 1702 572 1788 pariter
588 1703 746 1788 gravitate
762 1724 925 1789 moraque.

122 1809 202 1852 neve
220 1809 310 1851 meus
327 1804 438 1852 sermo·
449 1809 544 1852 cursu
562 1789 602 1852 sit
618 1788 739 1853 tardior
754 1788 839 1874 ipso:

122 1873 291 1957 praeterita
308 1883 357 1937 est
372 1873 478 1957 virg03
496 1873 587 1937 duxit
603 1895 663 1937 sua
678 1876 821 1958 praemia
837 1874 947 1940 vietor.

122 1957 274 2043 dignane,
292 1957 344 2021 cui
361 1969 467 2043 grates
485 1970 608 2042 ageret,
626 1958 678 2023 cui
695 1958 776 2023 turis
793 1959 945 2025 honorem
1032 2002 1053 2007 ..

121 2042 232 2117 ferret,
250 2041 373 2118 Adoni,
391 2042 457 2105 fui?
482 2065 542 2108 nec
559 2053 665 2128 grates
682 2043 850 2108 immemor
866 2046 932 2129 egit
1067 2057 1072 2066 “

122 2149 181 2192 nec
198 2126 275 2190 mihi
292 2138 365 2190 tura
382 2127 484 2192 deditl
510 2127 648 2192 subitam
665 2140 832 2193 convertor
849 2130 881 2194 in
898 2130 988 2206 iram,

122 2222 368 2297 contemptuque
385 2212 510 2290 dolens,
527 2235 569 2279 ne
586 2213 647 2278 sim
665 2214 844 2299 spernenda
860 2215 986 2294 futuris,

123 2299 268 2382 exemplo
286 2319 398 2375 caveo,
416 2319 529 2381 meque
546 2299 617 2385 ipsa
634 2300 783 2364 exhortor
798 2300 832 2365 in
850 2301 970 2366 ambos·

121 2383 253 2468 templa,
271 2382 366 2447 deum
382 2384 482 2448 Matri
500 2406 581 2468 quae
599 2385 760 2469 quondam
778 2387 881 2451 clarus
899 2385 1024 2453 Echion

122 2468 242 2534 fecerat
259 2490 299 2533 ex
317 2480 405 2547 voto,
423 2469 597 2534 nemorosis
615 2469 724 2534 abdita
741 2471 838 2549 silvis,

121 2553 311 2630 transibant,
330 2566 362 2619 et
378 2555 438 2619 iter
454 2554 587 2641 longum
604 2557 802 2640 requiescere
819 2558 928 2623 suasit.

119 2639 184 2704 illic
201 2639 387 2704 concubitus
404 2641 628 2726 intempestiva
645 2641 763 2727 cupido

119 2736 255 2809 occupat
271 2725 509 2810 Hippomenen,
527 2749 548 2789 a
564 2727 693 2791 numine
712 2727 835 2791 concita
852 2738 970 2792 nostro.

119 2810 248 2874 luminis
266 2810 375 2911 exigui
391 2811 496 2875 fuerat
512 2832 612 2896 prope
630 2812 750 2896 templa
766 2833 920 2891 recessus,

120 2895 289 2980 speluncae
307 2895 432 2970 similis,
449 2896 557 2960 nativo
575 2896 701 2980 pumice
719 2908 830 2974 tectus,

119 2979 270 3064 religione
288 3002 378 3044 sacer
393 2981 511 3066 prisca,
529 3002 593 3065 quo
609 2981 712 3047 multa
729 2982 875 3047 sacerdos

119 3064 225 3149 lignea
242 3066 418 3130 contulerat
435 3078 577 3131 veterum
595 3067 765 3131 simulacra
781 3068 923 3133 deorum.

8 3233 11 3237 λ
119 3148 205 3214 hunc
221 3148 279 3213 init
296 3161 329 3214 et
345 3151 442 3216 vetito
461 3162 593 3217 temerat
610 3153 749 3218 sacraria
765 3152 893 3238 probro.

120 3256 210 3299 sacra
226 3246 420 3300 retorserunt
436 3237 545 3301 oculos
550 3261 559 3314 3
578 3238 753 3322 turritaque
771 3240 888 3315 Mater,

119 3342 160 3385 111
179 3318 294 3469 Stygia
310 3332 430 3397 sontes,
449 3321 620 3399 dubitavit,
639 3335 797 3409 mergeret
813 3325 909 3388 unda.

118 3426 222 3490 poena
270 3405 317 3469 vis
335 3406 403 3469 visa
420 3420 476 3471 est.
522 3430 598 3493 ergo
616 3408 710 3472 modo
728 3408 811 3473 levia
828 3409 936 3473 fulvae

119 3489 200 3554 colla
215 3490 310 3555 iubae
327 3491 447 3566 velant,
466 3491 557 3577 digiti
574 3504 746 3558 curvantur
762 3495 796 3557 in
813 3516 947 3580 ungues,

118 3597 158 3640 ex
176 3575 293 3640 umeris
311 3576 391 3640 armi
407 3576 502 3652 fiunt,
518 3577 697 3664 inpectora
714 3589 816 3643 totum

2 3745 3 3748 Ἴ
39 3682 44 3709 ¹
117 3660 242 3746 pondus
259 3660 339 3737 abit,
358 3683 501 3727 summae
518 3662 621 3728 cauda
638 3676 809 3729 verruntur
824 3663 972 3731 harenae.

118 3747 197 3810 iram
214 3747 320 3810 vultus
338 3745 448 3822 habet,
466 3768 523 3832 pro
541 3748 645 3813 verbis
662 3771 826 3814 murmura
842 3749 989 3827 reddunt,

117 3852 174 3916 pro
192 3830 338 3895 thalamis
356 3829 515 3897 celebrant
533 3834 642 3899 silvast
661 3832 793 3917 ahisque
811 3835 942 3900 timendi

117 3915 211 3980 dente
229 3929 377 4000 premunt
394 3917 513 3981 domito
532 3915 686 4003 Cybeleia
702 3920 793 3985 frena
809 3920 928 3985 leones.

117 4001 175 4065 hos
192 4013 242 4076 tu,
261 4022 333 4066 care
351 4002 443 4079 mihi,
461 4023 597 4085 cumque
615 4004 665 4069 his
681 4026 784 4089 genus
802 4028 895 4071 omne
912 4006 1063 4084 ferarum,
1159 4028 1208 4080 705

8 4167 10 4171 μ
116 4085 202 4174 quod
218 4107 283 4151 non
299 4099 388 4178 terga
406 4088 517 4177 fugae,
536 4089 592 4156 sed
608 4112 737 4178 pugnae
754 4102 884 4179 pectora
901 4093 1042 4178 praebet,

917 4191 970 4256 12⁰.
