2800 4500
275 274 339 343 214
606 286 641 345 P.
660 288 785 348 OVIDII
802 286 966 347 NASONIS

275 413 374 480 frater
390 423 458 480 erat
463 437 473 491 3
491 411 630 479 fraterna
647 423 731 498 peto.
776 411 852 498 quid
870 411 1026 499 sanguino
1042 420 1147 479 cretus

204 542 207 553 ι
277 498 427 601 Sisyphio
445 497 602 583 furtisque
619 512 650 563 et
667 498 781 564 fraude
798 497 974 564 simillimus
991 495 1037 564 illi

274 584 384 649 insent
400 584 552 650 Aeacidis
570 583 691 650 alienae
708 584 838 649 uomina
854 583 978 670 gentis?
994 618 1037 631 -

275 692 317 733 an
335 669 420 754 quod
437 670 471 734 in
489 692 577 733 arma
594 669 680 755 prior
696 670 848 752 nulloque
866 669 927 734 sub
943 667 1047 734 iudice
1063 667 1147 745 veni,

225 775 257 824 aa
275 778 362 820 arma
379 755 527 842 neganda
543 754 640 819 mihi?
665 755 832 840 potiorque
849 753 1008 820 videbitur
1023 753 1088 830 ille,

275 839 387 904 ultima
404 840 459 925 qui
478 840 561 926 cepit
579 840 828 923 detrectavitque
845 840 952 906 furore

274 925 418 990 militiam
434 925 524 1003 ficto,
542 925 644 990 donec
661 925 816 992 sollertior
833 925 905 1003 isto,

275 1011 331 1075 sed
349 1010 409 1076 sibi
426 1010 574 1088 inutilior,
592 1010 692 1076 timidi
711 1023 890 1077 commenta
905 1010 1019 1077 retexit

274 1095 470 1182 Naupliades
488 1096 585 1161 animi
603 1096 766 1181 vitataque
783 1096 877 1162 traxit
891 1095 933 1160 ad
946 1096 1052 1166 arma?

223 1201 257 1249 40
275 1182 395 1269 optima
411 1204 488 1246 num
507 1193 625 1257 sumat,
643 1182 720 1266 quia
737 1205 861 1248 sumere
878 1180 980 1247 noluit
995 1181 1075 1247 ulla:

274 1287 333 1331 nos
350 1265 528 1332 inhonorati
545 1279 577 1333 et
595 1267 686 1332 donis
703 1267 899 1353 patruelibus
917 1266 996 1345 orbi,

274 1352 445 1417 obtulimus
463 1352 539 1436 quia
555 1373 613 1417 nos
631 1353 673 1417 ad
690 1353 793 1438 prima
809 1351 960 1438 pericula,
977 1351 1095 1417 simus?
1110 1387 1155 1400 -

275 1448 370 1522 atque
386 1438 508 1503 utinam
527 1449 581 1503 aut
601 1459 693 1504 verus
710 1438 799 1503 furor
816 1437 883 1513 ille,
901 1449 957 1503 aut
973 1437 1111 1505 creditus
1129 1447 1222 1515 esset,

274 1545 335 1588 nec
351 1544 457 1589 comes
474 1522 526 1588 hic
542 1522 702 1610 Phrygias
719 1544 860 1607 unquam
878 1523 1017 1589 venisset
1032 1523 1074 1588 ad
1091 1543 1180 1589 arces

222 1628 256 1677 45
274 1608 415 1674 hortator
432 1607 601 1674 scelerum!
619 1629 684 1674 non
701 1619 748 1687 te,
764 1607 922 1674 Poeantia
937 1609 1054 1694 proles,

275 1693 454 1794 expositum
471 1694 613 1762 Lemnos
630 1706 738 1759 nostro
755 1715 830 1759 cum
846 1693 977 1760 cnmine
993 1693 1141 1760 baberet:

275 1800 330 1862 qur
347 1801 448 1857 nunc,
465 1790 501 1844 ut
518 1791 709 1855 memorant,
726 1778 923 1845 silvestribus
940 1778 1068 1845 abditus
1085 1779 1183 1845 antris

275 1887 354 1929 saxa
369 1886 479 1930 moves
495 1864 618 1951 gemitu
633 1864 889 1950 Laertiadaeque
906 1864 1056 1951 precaris,

274 1971 357 2034 quae
374 1950 503 2027 meruit,
521 1971 617 2034 quae,
635 1950 663 2015 si
680 1950 714 2015 di
731 1963 820 2028 sunt,
836 1972 901 2016 non
917 1973 1001 2015 vana
1017 1949 1166 2036 precaris.

223 2053 257 2104 oo
275 2047 307 2100 et
323 2057 408 2101 nunc
425 2036 492 2112 ille,
510 2036 621 2101 eadem
639 2036 731 2101 nobis
747 2036 869 2101 iuratus
885 2036 920 2101 in
936 2058 1034 2113 arma,

273 2121 351 2186 heul
369 2144 443 2207 pars
460 2145 525 2186 una
542 2121 674 2199 ducum,
691 2143 756 2205 quo
774 2143 955 2187 successore
972 2121 1107 2207 sagittae

274 2207 423 2273 Herculis
440 2217 581 2285 utuntur,
598 2207 718 2273 fractus
735 2206 910 2292 morboque
927 2207 1075 2292 fameque

274 2293 459 2376 velaturque
476 2293 633 2376 aliturque
649 2293 777 2371 avibus,
795 2293 1002 2377 volucresque
1019 2292 1156 2379 petendo

274 2378 382 2444 debita
398 2378 546 2443 Troianis
562 2390 688 2444 exercet
705 2378 828 2464 spicula
843 2378 927 2442 fatis.
940 2409 985 2420 -

223 2480 256 2531 oo
273 2462 327 2528 ille
343 2475 451 2529 tamen
467 2463 561 2540 vivit,
577 2463 653 2546 quia
669 2485 734 2528 non
751 2463 913 2529 comitavit
929 2462 1059 2532 Ulixen.

272 2549 381 2614 mallet
398 2560 430 2615 et
446 2548 557 2613 infelix
573 2547 764 2614 Palamedes
781 2571 851 2615 esse
868 2549 1011 2615 relictus:

276 2622 421 2712 [viveret
438 2637 495 2690 aut
510 2638 596 2690 certe
612 2627 712 2691 letum
729 2626 797 2691 sine
814 2626 944 2692 crimine
961 2625 1117 2726 haberet]

274 2728 370 2792 quem
387 2708 471 2773 male
488 2707 624 2773 convicti
641 2707 776 2772 nimium
792 2730 914 2775 mernor
931 2710 990 2776 iste
1007 2710 1123 2775 furoris
1147 2746 1149 2750 ,

273 2792 407 2878 prodere
423 2816 491 2858 rem
507 2791 657 2859 Danaam
673 2793 765 2859 finxit
781 2793 955 2879 fictumque
972 2795 1119 2880 probavit

223 2896 257 2945 60
274 2878 391 2943 crimen
409 2889 441 2943 et
458 2878 608 2955 ostendit,
626 2879 713 2963 quod
730 2879 793 2943 iam
811 2879 1027 2965 praefoderat,
1044 2903 1168 2947 aurum.

273 2985 351 3050 ergo
369 2974 424 3029 aut
441 2964 535 3029 exilio
553 2964 636 3029 vires
653 2964 806 3030 subduxit
823 2965 957 3030 Achivis

273 3060 330 3113 aut
345 3072 437 3115 nece:
456 3049 501 3115 sic
518 3060 654 3134 pugnat,
672 3049 718 3115 sio
735 3063 784 3115 est
800 3050 988 3116 metuendus
1006 3049 1130 3117 Ulixes.
1147 3086 1191 3097 -

273 3134 329 3218 qui
344 3135 419 3200 licet
436 3133 561 3218 eloquio
578 3134 678 3200 fidum
696 3156 824 3220 quoque
840 3135 977 3201 Nestora
994 3136 1109 3212 vincat,

272 3219 359 3284 haud
376 3230 483 3284 tamen
500 3220 630 3295 efficiet,
649 3220 809 3286 desertum
826 3232 863 3286 ut
878 3220 1015 3286 Nestora
1032 3222 1150 3287 crimen
1248 3299 1251 3306 Ι

222 3323 254 3371 65
272 3327 342 3370 esse
358 3327 430 3370 rear
446 3305 584 3383 nullum;
601 3305 657 3389 qui
675 3326 749 3371 cum
765 3306 948 3392 imploraret
964 3304 1094 3371 Ulixem

272 3391 402 3456 vulnere
418 3390 527 3454 tardus
545 3392 620 3475 equi
637 3390 805 3474 fessusque
822 3392 974 3456 senilibus
991 3393 1093 3469 aunis,

270 3475 414 3561 proditus
430 3498 451 3540 a
468 3475 553 3541 socio
571 3489 628 3542 est.
671 3498 736 3541 non
753 3477 833 3543 haec
849 3477 927 3542 mihi
945 3477 1077 3542 crimina
1093 3477 1172 3564 fingi

272 3560 331 3626 scit
348 3562 430 3626 bene
447 3560 602 3647 Tydides,
621 3562 676 3645 qui
693 3562 821 3628 nominc
838 3584 933 3648 saepe
950 3574 1098 3628 vocatum

272 3646 423 3748 corripuit
440 3646 626 3731 trepidoque
643 3647 754 3733 fugam
773 3647 976 3735 exprobravit
992 3647 1106 3714 amico.

221 3751 255 3799 vo
271 3731 429 3817 aspiciunt
445 3732 545 3796 oculis
562 3732 669 3833 superi
686 3732 831 3798 mortalia
847 3733 950 3798 iustis:

271 3838 311 3880 en
328 3828 402 3917 eget
419 3817 547 3895 auxilio,
565 3839 621 3903 qur
638 3839 704 3883 non
720 3818 806 3894 tulit3
823 3830 923 3901 utque
940 3818 1077 3904 reliquit,

271 3901 316 3965 sic
333 3902 523 3985 linquendus
541 3914 622 3968 erat:
640 3903 746 3989 legem
763 3904 824 3968 sibi
842 3904 964 3975 dixerat
980 3905 1059 3990 ipse.

271 3987 446 4051 conclamat
463 3987 574 4052 socios.
618 3988 746 4064 adsum,
764 3988 920 4073 videoque
937 3999 1124 4055 trementem

223 4119 249 4150 ,p
270 4070 503 4156 pallentemque
519 4083 607 4138 metu
625 4084 658 4140 et
674 4072 885 4160 trepidantem
902 4089 1003 4140 morte
1019 4073 1138 4142 futura
1236 4149 1238 4152 ,
