2800 4500
212 234 274 312 1'88
409 246 411 251 ·
527 246 580 312 ’3.
598 250 723 314 ovrnn
739 251 902 312 nasone

209 381 349 448 nascitur
366 403 384 446 e
399 378 533 446 Phoebo
551 379 704 464 (namque
722 387 770 444 est
785 377 880 444 enixa
895 375 1063 463 gemellos)

210 467 349 533 carmine
367 465 470 532 vocali
486 466 590 530 clarus
608 465 792 548 citharaque
808 463 1020 529 Philammon.

210 553 288 638 quid
304 551 464 638 peperisse
481 550 562 615 duos
580 561 612 616 et
628 550 677 615 dia
693 548 850 636 placuisse
868 549 1003 618 duobus.

211 649 244 704 et
260 638 335 704 forti
351 636 493 724 genitore
511 647 543 701 et
559 634 761 723 progenitore
778 634 924 700 Tonante
1156 692 1161 701 .

144 744 194 794 333
211 747 280 790 esse
297 732 399 788 satam
415 721 563 808 prodest?
589 744 630 787 an
648 720 739 786 obest
755 741 883 805 quoque
899 717 1001 821 gloria
1017 717 1144 784 multis?

211 807 314 875 obfuit
328 808 404 873 huic
421 818 519 874 certe:
537 828 620 890 quae
637 829 671 872 se
688 806 849 893 praeferre
865 805 992 870 Dianae

210 892 360 960 sustinuit
376 893 554 977 faciemque
570 892 650 958 deae
667 891 817 979 culpavit.
860 901 893 956 at
908 890 954 955 illi

210 979 258 1045 ira
275 980 365 1046 ferox
382 988 469 1043 mota
485 988 547 1055 est,
565 976 770 1061 “factis”que
789 975 1033 1063 “placebimus’'
1052 973 1164 1059 inquit.

58 1121 62 1125 ,
211 1087 271 1132 nec
287 1086 391 1129 mora:
409 1063 554 1130 curvavit
571 1083 669 1128 comu
685 1084 847 1146 nervoque
865 1061 1014 1147 sagittam

144 1170 194 1220 335
211 1150 351 1237 impulit,
369 1160 400 1216 et
416 1148 562 1215 meritam
578 1147 701 1214 traiecit
718 1147 894 1213 harundine
911 1147 1063 1233 linguam.

210 1237 321 1321 lingua
337 1245 435 1313 tacet,
451 1254 511 1301 nec
527 1255 591 1299 vox
608 1244 824 1320 temptataque
841 1233 939 1298 verba
956 1241 1145 1316 sequuntura

212 1331 442 1402 conantemque
457 1319 547 1404 loqui
563 1341 637 1384 cum
654 1319 809 1405 sanguine
825 1318 891 1383 vita
906 1317 1043 1401 reliquit.

212 1423 276 1487 quo
293 1404 389 1468 mise'r
406 1406 570 1489 amplexus
587 1427 647 1504 ego
666 1417 734 1469 tum
744 1404 912 1504 patrieque
930 1404 1071 1470 dolorem
1160 1480 1184 1489 ,‚

212 1487 308 1552 corde
328 1487 388 1552 tuli
416 1486 569 1571 fratrique
585 1508 641 1573 pro
657 1487 775 1554 solacia
793 1487 871 1553 dixi!

145 1589 196 1640 333
213 1593 295 1656 quae
312 1581 402 1657 pater
418 1569 505 1636 haud
522 1571 623 1650 aliter,
639 1593 737 1656 quam
754 1584 863 1639 cautes
880 1596 1043 1639 murmura
1059 1575 1158 1660 ponti,

212 1655 327 1743 accipit
344 1666 377 1722 et
392 1667 500 1721 natam
519 1657 750 1723 delamentatur
767 1659 958 1745 ademptam.

212 1751 250 1806 ut
265 1763 340 1807 vero
358 1742 521 1807 ardentem
538 1742 631 1819 vidit,
649 1755 762 1827 quater
778 1743 915 1831 impetus
931 1744 978 1809 illi

212 1824 245 1891 in
263 1826 384 1892 medios
401 1827 463 1892 fuit
477 1827 524 1893 ire
540 1848 650 1914 rogos:
668 1840 781 1912 quater
797 1830 871 1895 inde
888 1831 1034 1915 repulsus

212 1912 336 1977 concita
351 1911 495 1978 membra
511 1912 608 1999 fugae
624 1914 756 1979 mandat
771 1914 946 1999 similisque
962 1915 1107 1993 iuvenco,
1162 1924 1164 1927 ’

145 2015 195 2065 335
214 1998 335 2084 spicula
352 1998 542 2063 crabronum
558 2021 668 2085 pressa
685 2000 808 2066 cervice
825 2001 958 2102 gerenti,

212 2083 346 2166 quavis
361 2084 464 2161 nulla,
482 2084 555 2149 ruit.
597 2084 662 2149 iam
679 2096 748 2150 tum
765 2085 844 2150 mihi
860 2108 986 2153 currere
1003 2086 1091 2151 visus

211 2169 284 2255 plus
302 2167 429 2234 homine
446 2180 509 2246 est,
526 2170 656 2255 alasque
672 2170 772 2257 pedes
789 2171 961 2258 sumpsisse
977 2183 1116 2259 putares.

213 2254 325 2355 effugit
342 2277 418 2341 ergo
436 2277 561 2333 omnes,
578 2256 735 2341 veloxque
752 2257 901 2343 cupidine
918 2257 973 2323 leti

212 2350 329 2405 vertice
347 2340 482 2405 Parnasi
498 2341 627 2427 potitur.
671 2342 839 2408 miseratus
856 2344 986 2428 Apollo,

144 2445 196 2496 343
213 2448 286 2489 cum
304 2448 338 2491 se
355 2425 535 2491 Daedalion
553 2448 630 2491 saxo
647 2427 784 2493 misisset
802 2427 843 2494 ab
860 2429 935 2506 alto,

212 2510 287 2576 fecit
305 2533 397 2576 avem
415 2523 448 2576 et
464 2511 577 2576 subitis
594 2512 784 2598 pendentem
802 2514 929 2579 sustulit
946 2513 1014 2591 alis,

212 2616 331 2680 oraque
349 2597 473 2661 adunca
490 2597 591 2674 dedit,
611 2619 724 2662 curvos
742 2598 829 2664 dedit
845 2600 1007 2685 unguibus
1025 2599 1145 2678 hamos,

212 2681 362 2747 virtutem
380 2682 558 2766 antiquam,
576 2682 712 2749 maiores
729 2705 861 2769 corpore
878 2686 971 2751 vires.

213 2778 246 2832 ct
261 2788 348 2832 nunc
366 2768 526 2853 accipiter,
544 2769 623 2833 nulli
641 2768 718 2834 satis
735 2791 870 2855 aequus,
888 2770 921 2835 in
939 2793 1049 2836 omnes

145 2871 195 2921 333
213 2852 313 2917 saevit
329 2875 419 2930 aves,
437 2852 570 2937 aliisque
588 2853 699 2920 dolens
716 2854 752 2919 fit
769 2877 866 2921 causa
884 2856 1031 2922 dolendi!

255 2936 349 3020 Quae
367 2937 443 3003 dum
460 2938 614 3005 Lucifero
654 2939 758 3006 enitus
774 2942 927 3008 miracula
943 2951 1049 3006 narrat
1108 2942 1236 2995 Palenses

212 3023 252 3088 de
270 3036 414 3089 consorte
431 3045 499 3099 suo,
517 3045 613 3089 cursu
629 2961 763 3091 hosticus
780 3027 894 3092 anhelo
1128 3010 1214 3079 topos.

212 3109 340 3173 advolat
356 3109 490 3175 armenti
508 3121 613 3175 custos
629 3109 778 3176 Phoceus
795 3113 919 3177 Anetor

212 3205 244 3260 et
262 3193 391 3271 ‘Peleu,
408 3192 524 3260 Peleu!
542 3218 678 3281 magnae
696 3196 754 3261 tibi
770 3197 900 3263 nuntius
918 3198 1031 3262 adsum

145 3297 195 3349 aec
212 3279 324 3344 cladis'
342 3278 397 3344 ait.
439 3280 662 3365 quodcumque
679 3281 775 3359 ferat,
792 3283 882 3348 iubet
899 3285 992 3349 edere
1009 3283 1136 3349 Peleus.

211 3365 329 3465 pendet
346 3364 463 3450 etipse
480 3376 567 3446 metu
585 3366 700 3450 trepidi
716 3367 905 3432 Trachinius
923 3369 996 3432 oris.

212 3450 264 3515 ille
282 3449 393 3515 refert:
411 3450 527 3516 ‘fessos
545 3451 587 3515 ad
603 3451 695 3517 litora
713 3473 810 3517 curva
826 3453 976 3519 iuvencos

212 3535 411 3621 appuleram,
429 3536 534 3602 medio
552 3558 624 3601 cum
644 3535 701 3603 Sol
720 3537 890 3603 altissimus
907 3539 984 3604 orbe

211 3632 334 3685 tantum
351 3621 536 3707 respiceret,
554 3633 710 3705 quantum
727 3645 764 3687 eu
788 3639 893 3689 cresse
909 3624 1040 3691 videret.

144 3724 193 3774 333
210 3726 348 3856 parsque
365 3705 463 3770 boum
480 3706 576 3771 fulvis
593 3729 700 3792 genua
716 3645 881 3774 inclinarat
898 3708 1024 3776 harenis

223 3802 410 3873 atarumque
426 3791 533 3856 iacens
551 3811 680 3877 campos
697 3794 862 3878 spectabat
878 3816 1043 3878 aquarum,

211 3896 286 3960 pars
303 3876 456 3959 gradibus
473 3876 572 3942 tardis
589 3877 665 3942 illuc
682 3879 808 3943 errabat
825 3891 856 3945 et
873 3879 958 3955 illuc,

211 3969 290 4024 nant
308 3959 361 4024 alii
378 3961 526 4044 celsoque
544 3974 653 4027 extant
671 3985 767 4047 super
784 3987 922 4049 aequora
939 3966 1030 4030 collo.

212 4044 331 4134 templa
347 4045 428 4112 mari
445 4044 580 4113 subsunt
596 4069 657 4116 nec
673 4070 830 4118 marmore
849 4052 934 4118 clara
950 4072 1053 4139 neque
1072 4074 1160 4133 auro,
1245 4058 1252 4088 ³
