2800 4500
297 289 665 348 METAMORPHOSEON
681 288 1018 346 Lffl.vfl1.715-coa.
1090 275 1092 279 ¹
1112 275 1173 341 143

93 467 98 476 .
149 414 332 490 Thessalus,
339 413 436 498 inque
453 413 557 477 virum
575 412 730 477 convertit
747 411 788 476 ab
806 413 918 477 arbore
935 412 1055 477 ferrum
1112 441 1115 448 ·

150 501 379 583 detruncatque
396 510 505 584 caput3
523 498 721 583 repetitaque
737 496 853 562 robora
870 497 982 574 caedit,
1192 518 1243 570 ⁷60

149 585 291 652 redditus
309 608 327 650 e
344 583 449 650 medio
466 606 563 648 sonus
581 593 630 648 est
647 604 721 647 cum
738 582 852 646 robore
869 582 954 646 talis:

150 669 315 756 “nympha
331 670 391 735 sub
408 668 469 734 hoc
486 691 547 754 ego
564 691 635 733 sum
654 665 764 733 Cereri
781 666 960 753 gratissima
976 667 1079 753 ligno:

150 779 232 841 quae
250 755 307 821 tibi
323 755 480 820 factorum
498 775 617 840 poenas
635 753 753 818 instare
770 763 898 817 tuorum

149 840 304 907 vaticinor
320 839 471 916 moriens,
489 839 590 904 nostri
608 839 725 903 solacia
740 837 826 904 leti.'’

149 926 348 1029 persequitur
364 926 468 991 scelus
484 924 537 989 ille
554 946 663 989 suumz
680 922 901 1008 labefactaque
917 922 1047 987 tandem
1192 941 1241 997 765

149 1012 264 1077 lctibus
282 1011 454 1075 innumeris
473 1009 675 1091 adductaque
692 1008 823 1073 funibus
840 1008 935 1072 arbor

150 1097 268 1163 corruit
286 1107 318 1161 et
334 1096 467 1160 multam
485 1094 655 1180 prostravit
671 1092 812 1180 pondere
829 1094 951 1158 silvam.

149 1181 299 1247 attonitae
316 1179 466 1265 Dryades
483 1182 599 1245 damno
616 1200 845 1263 nemorumque
863 1199 995 1262 suoque,

149 1289 259 1332 omnes
276 1288 458 1351 germanae,
477 1263 627 1331 Cererem
643 1286 718 1330 cum
735 1265 876 1329 vestibus
894 1264 969 1329 atris

148 1366 325 1418 maerentes
343 1350 461 1415 adeunt
478 1371 677 1435 poenamque
693 1349 935 1434 Erysichthonis
952 1359 1053 1416 orant.
1124 1410 1126 1415 .
1191 1371 1242 1422 tto

149 1437 260 1502 adnuit
277 1435 342 1513 his,
359 1435 533 1520 capitisque
551 1436 601 1500 sui
618 1434 832 1520 pulcherrima
848 1446 937 1500 motu
983 1488 985 1491 .

149 1523 308 1589 concussit
323 1521 463 1607 gravidis
481 1532 626 1586 oneratos
644 1521 801 1586 messibus
820 1536 928 1606 agros:
1018 1529 1020 1532 ⁴

148 1608 338 1691 moliturque
355 1642 399 1653 —
415 1629 517 1692 genus
535 1628 657 1691 poenae
675 1606 869 1684 miserabile,
886 1605 913 1670 si
930 1628 995 1671 uon

148 1693 201 1758 ille
218 1692 284 1757 suis
302 1703 384 1757 esset
400 1691 480 1756 nulli
497 1691 686 1757 miserabilis
703 1691 781 1757 actis
798 1727 843 1739 -

147 1778 299 1865 pestifera
315 1777 454 1843 lacerare
470 1776 581 1842 Fame.
625 1798 709 1861 quae
726 1777 875 1860 quatinus
892 1775 954 1863 ipsi
1190 1798 1239 1848 775

146 1885 211 1928 non
229 1863 376 1928 adeunda
394 1861 473 1927 deae
491 1872 539 1929 eat
555 1861 675 1946 (neque
689 1863 773 1927 enim
787 1860 1001 1946 Cereremque
1009 1862 1218 1948 ,Famemque

146 1948 214 2017 fata
231 1948 315 2013 coire
333 1948 455 2031 sinunt)
471 1947 614 2011 montani
630 1947 770 2012 numinis
787 1970 884 2011 unam
974 1972 977 1977 ⁴

146 2033 264 2099 talibus
282 2045 440 2118 agrestem
457 2032 627 2116 compellat
645 2029 777 2096 Oreada
793 2031 899 2097 dictis:

147 2125 222 2182 “est
238 2118 327 2182 locus
345 2117 493 2182 extremis
512 2114 664 2200 Scythiae
681 2116 824 2202 glacialis
840 2116 874 2180 in
891 2116 965 2194 oris,

147 2202 237 2268 triste
255 2202 371 2277 solum,
390 2200 517 2279 sterilis,
535 2201 603 2267 sine
620 2201 728 2286 fruge,
746 2202 814 2268 sine
831 2202 944 2267 arbore
960 2202 1069 2270 tellust
1190 2224 1240 2275 780
1325 2246 1329 2257 ·

146 2287 265 2373 Frigus
282 2287 366 2352 iners
382 2285 447 2351 illio
462 2285 608 2352 habitant
624 2287 797 2372 Pallorque
814 2288 1011 2371 Tremorque
1159 2314 1161 2318 ·

147 2383 180 2439 et
196 2372 302 2438 ieiuna
317 2372 445 2437 Fames.
488 2395 527 2437 ea
544 2395 578 2437 se
595 2372 629 2436 in
646 2373 830 2459 praecordia
848 2374 963 2439 condat

147 2457 293 2544 sacrilegi
305 2458 476 2534 scelerata,
492 2457 583 2523 iube:
601 2480 661 2523 uec
678 2458 771 2545 copia
786 2481 893 2525 rerum

146 2545 253 2608 vincat
270 2565 354 2620 eam,
372 2554 563 2627 superetque
580 2566 668 2609 meas
685 2545 857 2610 certamine
874 2544 968 2610 vires.

145 2651 226 2695 neve
244 2629 315 2694 viae
332 2628 470 2715 spatium
488 2640 518 2694 te
535 2640 665 2706 tameat,
683 2630 793 2715 accipe
810 2652 931 2706 currus,
981 2669 983 2672 -
1189 2651 1237 2702 785

146 2716 267 2800 accipe,
285 2734 365 2797 quos
382 2713 481 2779 frenis
498 2714 560 2779 alte
577 2715 756 2791 moderere,
775 2714 950 2781 dracones'’

146 2812 179 2865 et
195 2799 292 2864 dedit.
334 2798 389 2864 illa
405 2798 480 2864 dato
498 2800 651 2865 subvecta
667 2823 725 2886 per
742 2806 815 2865 aera
832 2823 927 2865 curru
1043 2828 1045 2832 ·

146 2884 276 2951 devenit
290 2883 324 2950 in
342 2883 522 2969 Scythiam,
539 2886 695 2969 rrgrdrque
713 2886 877 2965 cacumine
894 2886 1010 2952 montis

146 2968 330 3052 (Caucason
347 2969 524 3055 appellant)
541 2982 723 3055 serpentum
740 2971 821 3034 colla
836 2971 968 3035 levarit:
1062 2999 1080 3011 v·

145 3054 383 3139 quaesitamque
400 3054 533 3120 Famem
551 3055 692 3140 lapidoso
710 3056 789 3119 vidit
806 3055 837 3120 in
856 3078 934 3141 agro

145 3139 307 3224 unguibus
325 3151 358 3203 et
374 3162 462 3204 raras
480 3141 647 3205 vellentem
666 3140 812 3206 dentibus
830 3140 955 3206 herbas.

145 3223 245 3288 hirtus
263 3235 331 3289 erat
348 3223 457 3301 crinis,
476 3247 555 3289 cava
572 3225 706 3302 lumina,
724 3227 826 3311 pallor
842 3227 875 3291 in
893 3249 958 3304 ore,

144 3309 234 3373 labra
251 3309 364 3374 incana
380 3309 458 3386 situ,
475 3309 606 3375 scabrae
622 3310 770 3396 rubigine
785 3311 906 3389 fauces,

146 3393 338 3469 dumentis,
356 3415 526 3478 perquam
543 3396 679 3481 spectari
696 3397 818 3462 viscera
835 3408 978 3483 possent3

145 3500 217 3542 ossa
234 3477 294 3543 sub
311 3478 449 3543 incurvis
467 3481 618 3546 extabant
634 3481 724 3546 arida
739 3482 867 3559 lumbis,
1185 3502 1234 3554 795

144 3562 262 3627 ventris
280 3575 347 3627 erat
363 3584 421 3648 pro
439 3577 546 3630 ventre
563 3566 665 3644 locus;
683 3567 822 3651 pendere
839 3583 967 3651 putares

143 3660 254 3734 pectus
272 3661 304 3713 et
322 3671 341 3711 a
358 3648 468 3733 spinae
485 3651 704 3716 tantummodo
721 3663 806 3717 crate
817 3653 933 3717 teneri.

144 3746 275 3797 auxerat
291 3732 440 3798 articulos
457 3735 589 3809 macies,
607 3758 812 3821 genuumque
830 3738 974 3803 tumebat

142 3817 243 3894 orbis,
261 3829 295 3892 etj
309 3818 664 3907 immodico‘prodibant
680 3822 792 3888 tubere
809 3823 874 3887 tali.

141 3902 223 3967 hanc
241 3904 350 3988 procul
368 3915 404 3969 ut
420 3903 559 3970 vidit-
574 3928 679 3991 neque
696 3907 780 3972 enim
798 3920 847 3973 est
864 3908 1015 3976 accedere
1032 3910 1121 3975 iuxta
1180 3931 1230 3981 800

140 4010 220 4053 ausa
236 3990 392 4054 -refert
409 3989 560 4056 mandata
576 3991 664 4057 deae.
708 3993 902 4078 paulumque
919 4008 1051 4071 morata,

138 4075 460 4168 quamquamaberat
475 4075 590 4166 longe,¹
604 4097 803 4164 quamquam.
815 4079 910 4164 modo
929 4087 1058 4149 uenerat
1075 4079 1160 4159 illue,
1178 4051 1180 4056 V
