2800 4500
337 293 706 363 uurauoaeuosuou
722 305 797 362 nur.
815 296 839 362 1.
858 307 985 365 at-ua

153 439 247 495 natus
264 426 360 495 homo
378 439 439 494 est:
457 428 524 495 sive
540 426 626 494 hunc
645 428 753 495 divino
770 429 889 497 semine
907 429 984 497 fecit

152 514 205 581 ille
224 514 332 600 opifex
348 537 464 592 rerum,
481 515 592 580 mundi
609 515 747 580 melioris
765 517 865 602 origo,

154 601 221 666 sive
238 622 348 667 recens
365 600 458 665 tellus
475 601 670 684 seductaque
686 623 789 687 nuper
806 602 847 667 ab
864 601 928 666 alto

154 684 281 752 aethere
297 685 424 772 cognati
441 685 595 752 retinebat
612 687 734 751 semina
750 686 844 764 caeli3

154 792 250 854 quam
268 783 355 837 satus
372 771 495 861 Iapeto,
510 771 642 836 mixtam
658 771 839 838 fluvialibus
856 772 961 849 undis,

154 857 246 922 finxit
261 856 295 921 in
312 856 451 942 effigiem
468 857 687 922 moderantum
706 869 821 923 cuncta
838 857 980 923 deorum.

154 963 318 1028 pronaque
336 965 409 1007 cum
427 953 569 1028 spectent
587 942 736 1008 animalia
752 954 857 1009 cetera
874 955 1000 1021 terram,

155 1049 191 1091 os
209 1027 328 1092 homiui
345 1026 480 1093 sublime
498 1027 599 1105 dedit,
618 1030 804 1112 caelumque
822 1029 929 1095 videre

154 1113 245 1177 iussit
264 1124 295 1179 et
312 1123 433 1179 erectos
450 1113 491 1177 ad
509 1112 613 1179 sidera
629 1114 738 1179 tollere
754 1114 871 1180 vultus.

154 1198 216 1274 sic,
233 1199 328 1264 modo
346 1220 429 1283 quae
445 1198 550 1264 fuerat
566 1198 653 1263 rudis
671 1209 704 1264 et
720 1197 788 1264 sine
805 1198 958 1286 imagine,
976 1201 1069 1266 tellus

154 1282 258 1350 induit
275 1284 400 1370 ignotas
418 1284 579 1348 hominum
597 1305 751 1349 conversa
768 1285 896 1370 figuras.

1193 1049 1226 1100 85

197 1371 309 1436 Aurea
325 1368 428 1455 prima
445 1380 514 1434 sata
528 1381 576 1435 est
589 1381 686 1448 aetas,
704 1391 786 1454 quae
800 1370 924 1445 vindice
937 1372 1035 1448 nullo,
1076 1369 1203 1452 chttua

155 1466 268 1542 sponte
285 1477 357 1532 sua,
376 1455 444 1520 sine
461 1455 546 1541 lege,
563 1455 659 1521 fidem
676 1468 862 1540 rectumque
879 1457 1013 1523 oolebag
1037 1440 1126 1492 mana
1137 1447 1234 1493 mactes

154 1562 258 1627 poena
273 1553 441 1625 metusque
458 1541 603 1619 aberant3
621 1562 681 1606 nee
698 1541 796 1607 verba
812 1540 964 1608 minantia
980 1544 1045 1607 fixo

156 1649 229 1692 aere
246 1625 443 1712 legebantur,
460 1648 519 1691 nec
536 1626 670 1712 supplex
687 1625 781 1690 turba
798 1626 930 1693 timebat

155 1711 268 1776 iudicis
286 1733 342 1776 ora
358 1711 423 1790 sui,
441 1711 498 1776 sed
514 1724 605 1777 erant
622 1712 690 1778 sine
707 1711 832 1777 vindice
849 1713 920 1777 tuti.

155 1796 297 1863 nondum
315 1818 407 1862 caesa
425 1797 503 1873 suis,
521 1798 722 1884 peregrinum
739 1809 775 1861 ut
792 1799 907 1863 viseret
923 1796 1044 1878 orbem,

155 1882 317 1948 montibus
333 1883 366 1947 in
383 1882 519 1966 liquidas
537 1883 630 1968 pinus
648 1883 855 1947 descenderat
871 1884 988 1962 undas3

154 1969 305 2052 nullaque
323 1969 471 2033 mortales
489 1978 614 2054 praeter
630 1990 689 2032 sua
705 1968 798 2032 litora
814 1979 937 2033 norant.

154 2053 296 2119 noudum
313 2053 501 2139 praecipites
519 2054 689 2137 cingebant
705 2052 823 2138 oppida
840 2053 959 2131 fossam

156 2160 221 2203 non
238 2138 316 2204 tuba
333 2138 457 2216 directi,
475 2148 539 2202 non
556 2137 638 2204 aeris
655 2158 774 2204 cornua
790 2138 872 2214 flexi,

156 2247 221 2289 non
238 2225 362 2311 galeae,
379 2245 442 2289 non
461 2224 545 2290 ensis
563 2233 641 2301 erat3
664 2224 732 2289 sine
749 2226 857 2292 militis
874 2251 936 2293 usu

156 2310 264 2375 mollia
279 2332 410 2375 securae
426 2309 622 2396 peragebant
638 2313 702 2375 otia
719 2321 839 2395 gentes.

156 2396 226 2481 ipsa
242 2416 369 2480 quoque
386 2395 535 2460 immunis
552 2406 717 2479 rastroque
734 2396 852 2460 intacta
869 2418 929 2460 nec
946 2394 1019 2461 ullis

157 2480 265 2547 saucia
281 2480 462 2546 vomeribus
479 2503 537 2567 per
554 2503 587 2546 se
605 2481 701 2545 dabat
719 2481 825 2545 omnia
841 2480 949 2546 tellus:

156 2566 357 2650 contentique
375 2566 453 2631 cibis
470 2566 557 2631 nullo
576 2576 709 2651 cogente
726 2568 838 2630 creatis

156 2653 304 2717 arbuteos
321 2650 405 2716 fetus
422 2663 634 2735 montanaque
650 2651 742 2736 fraga
759 2652 908 2737 legebant

156 2758 315 2821 cornaque
333 2748 364 2802 et
381 2736 518 2802 indutis
536 2736 697 2802 haerentia
714 2758 803 2800 mora
819 2736 950 2812 rubetis,
1000 2776 1002 2779 -
1053 2793 1055 2796 ,

155 2835 188 2889 et
205 2843 287 2905 quac
305 2821 487 2887 deciderant
503 2822 613 2908 patula
629 2821 716 2886 Iovis
733 2822 845 2886 arbore
862 2822 1004 2907 glandes.

156 2930 213 2975 ver
229 2918 296 2973 erat
313 2918 490 2983 aeternum,
508 2907 687 2992 placidique
706 2907 886 2992 tepentibus
903 2909 987 2972 auris

155 2992 335 3058 mulcebant
352 2991 484 3078 zephyri
499 3003 591 3057 natos
609 2993 676 3058 sine
693 2991 814 3057 semine
830 2993 933 3057 flores.

155 3101 230 3143 mox
248 3079 341 3144 etiam
359 3078 470 3163 fruges
487 3078 581 3144 tellus
598 3077 721 3142 inarata
737 3077 869 3152 ferebat,

155 3186 214 3229 nec
231 3173 400 3228 renovatus
418 3186 495 3249 ager
503 3163 651 3265 Rgravidis
669 3162 803 3227 canebat
820 3161 936 3227 aristis:

155 3248 287 3315 flumina
302 3248 367 3313 iam
384 3249 487 3327 lactis,
504 3272 568 3313 ram
585 3249 717 3314 flumina
733 3248 867 3313 nectaris
885 3248 983 3323 ibant,

154 3336 302 3418 flavaque
320 3334 360 3399 de
377 3334 468 3399 viridi
487 3334 647 3398 stillabant
664 3334 735 3399 ilice
752 3334 856 3399 mella.

197 3420 393 3502 Postquam,
407 3418 546 3485 Saturno
563 3418 731 3484 tenebrosa
747 3417 780 3482 in
797 3415 931 3482 Tartara
948 3418 1055 3496 misso,

155 3505 216 3570 sub
233 3505 311 3570 Iove
329 3504 465 3568 mundus
484 3515 564 3581 erat,
582 3503 678 3568 subiit
695 3514 845 3588 argentea
861 3504 966 3588 proles

156 3612 233 3654 auro
251 3589 396 3664 deterior,
414 3588 502 3653 fulvo
519 3589 684 3674 pretiosior
700 3611 782 3653 aere.

155 3675 299 3760 Iuppiter
316 3674 437 3756 antiqui
454 3674 610 3738 contraxit
627 3685 770 3758 tempora
787 3671 880 3747 veris,

154 3781 276 3845 perque
293 3758 412 3824 hiemes
430 3771 598 3842 aestusque
615 3770 647 3823 et
662 3758 845 3842 inaequales
862 3768 1030 3824 autumnos

155 3858 188 3909 et
204 3844 300 3910 breve
317 3867 373 3910 ver
390 3844 499 3929 spatiis
516 3844 622 3945 exegit
639 3854 790 3928 quattuor
806 3865 934 3908 annum.

153 3935 224 3994 tum
241 3929 377 4015 primum
394 3929 485 3994 siccis
503 3935 557 3994 a'e'r
572 3929 750 3995 fervoribus
767 3939 858 3993 ustus
878 3975 879 3978 ,

155 4013 299 4090 maduit,
317 4027 348 4079 et
365 4016 466 4079 ventis
483 4013 602 4100 glacies
620 4015 748 4080 astricta
764 4014 923 4100 pependit.

154 4109 224 4167 tum
239 4099 376 4192 primum
393 4099 518 4169 subiere
535 4101 663 4168 domus:
681 4100 794 4166 domus
812 4113 902 4167 antra
917 4099 1047 4166 fuerunt

313 4209 325 4224 s
966 4201 1001 4255 1·

1193 1561 1224 1611 91
