2800 4500
285 316 653 387 usranoaruosson
669 328 743 384 nm.
761 326 814 386 111:
833 331 977 387 sio-ou
1102 308 1150 386 535

54 458 56 460 ’
122 453 173 520 his
189 440 393 538 quoque'des
408 452 565 519 veniam.'²
608 459 691 539 “pro
708 454 799 519 nobis
817 446 906 519 mitte
922 450 1075 541 precaii,’'

122 539 239 626 Dictys
257 540 315 616 ait,
333 559 397 622 quo
413 559 478 603 non
495 539 576 604 alius
594 539 804 605 conscendere
821 563 960 605 summas
1162 561 1213 611 615

124 625 211 691 ocior
227 637 391 691 antemnas
408 645 587 709 prensoque
602 625 736 691 rudente
745 625 863 691 relabi.

123 711 185 776 hoc
201 710 320 796 Libys,
337 710 399 775 hoc
415 711 531 787 flavus,
548 731 661 795 prorae
678 711 791 788 tutela,
808 711 1004 789 Melanthus,

124 796 186 861 hoo
202 795 316 882 probat
331 795 522 860 Alcimedon
539 806 585 874 et,
602 795 658 880 qui
674 796 879 880 requiemque
896 798 1089 882 modumque

124 903 204 947 voce
221 882 318 946 dabat
334 881 444 958 remis,
461 880 637 946 animorum
655 881 796 946 hortator
811 881 976 983 Epopeus,

123 968 186 1033 hoo
203 988 311 1031 omnes
328 966 391 1031 alii
434 967 571 1052 praedae
588 977 652 1030 tam
671 989 766 1032 caeca
783 968 899 1053 cupido
916 979 974 1034 est.
1163 988 1213 1038 620

111 1060 214 1125 “‘non
232 1064 338 1117 tamen
356 1051 438 1119 hanc
455 1073 545 1116 sacro
562 1051 673 1117 violari
690 1052 829 1138 pondere
846 1053 958 1139 pinum

123 1137 306 1240 perpetiar’'
319 1137 404 1202 dixi:
423 1144 521 1221 “pars
538 1136 590 1202 hio
606 1137 685 1202 mihi
701 1138 841 1201 maxima
857 1137 966 1203 iuris.’'
984 1142 988 1153 '

123 1244 221 1307 inque
239 1223 327 1287 aditu
345 1222 474 1287 obsisto.
517 1221 593 1287 furit
611 1223 838 1288 audacissimus
856 1224 943 1288 omni

125 1311 166 1374 de
183 1328 315 1374 numero
332 1307 481 1394 Lycabas
486 1354 495 1385 ,
513 1308 569 1391 qui
585 1307 693 1374 Tusca
709 1310 820 1394 pulsus
838 1308 879 1374 ab
896 1309 976 1375 urhe

124 1395 255 1461 exilium
272 1392 341 1457 dira
357 1415 490 1479 poenam
509 1415 567 1479 pro
585 1394 682 1459 caede
699 1395 817 1459 luebat.
1163 1414 1213 1466 aas

124 1481 152 1546 is
170 1478 260 1555 mihi,
278 1479 355 1543 dum
370 1491 468 1556 resto,
485 1478 624 1545 iuvenali
639 1491 770 1565 guttura
786 1501 895 1567 pugno

124 1565 225 1652 rupit,
244 1575 275 1630 et
292 1586 460 1630 excussum
477 1564 614 1630 misisset
630 1566 664 1630 in
681 1587 835 1648 aequora,
854 1567 962 1632 sinon

125 1649 312 1727 haesissem,
329 1648 474 1733 quamvis
492 1673 615 1727 amens,
632 1651 665 1715 in
682 1650 760 1715 fune
776 1662 926 1717 retentus.

124 1737 223 1824 impia
240 1735 335 1800 turba
350 1735 465 1821 probat
481 1734 611 1800 factum.
654 1748 723 1801 tum
741 1736 877 1820 denique
894 1737 1044 1803 Bacchus
1058 1773 1103 1786 -

124 1821 273 1888 Bacchus
291 1820 375 1887 enim
392 1820 497 1886 fuerat
511 1857 556 1871 -
572 1821 670 1887 veluti
687 1822 824 1887 clamore
842 1822 963 1887 solutus
1163 1842 1213 1892 oto

124 1909 166 1973 sit
183 1930 218 1973 so
241 1929 288 1985 or,
305 1929 387 1991 aque
404 1928 492 1972 mero
509 1907 641 1972 redeant
656 1908 690 1971 in
707 1919 837 1993 pectora
854 1930 976 1986 sensus,

125 1931 240 2077 “quid
246 1992 369 2057 facitis?
386 1993 457 2076 quis
474 1992 633 2057 clamor?''
651 1992 710 2070 ait,
730 1999 820 2077 “qua
836 1991 960 2076 (dicite,
978 1992 1125 2078 nautael)

124 2079 189 2144 huc
206 2100 266 2164 ope
283 2078 433 2163 perveni?
450 2099 514 2161 quo
530 2100 583 2143 mc
599 2077 725 2143 deferre
739 2078 898 2164 paratis?”

126 2171 234 2250 “pone
251 2163 402 2238 metum,''
419 2162 559 2228 Proreus
577 2169 635 2229 “et
652 2184 733 2247 quos
751 2164 933 2250 contingere
949 2174 1070 2251 portus,

126 2252 200 2327 ede,
218 2248 325 2327 velis,”
344 2248 438 2314 dixitr
456 2256 565 2315 “terra
581 2248 691 2315 sistere
707 2250 837 2336 petita.’'
1164 2272 1214 2323 635

127 2334 291 2399 “Naxon'’
310 2333 354 2399 ait
371 2334 472 2399 Liber
489 2341 626 2400 “cursus
643 2336 797 2401 advertite
814 2345 945 2402 vestros.

124 2420 180 2487 illa
197 2419 275 2484 mihi
291 2420 405 2485 domus
423 2432 484 2485 este
503 2420 592 2486 vobis
610 2421 669 2486 erit
686 2421 812 2507 hospita
828 2420 953 2486 tellus.’'

124 2529 182 2594 per
199 2528 286 2571 mare
303 2506 432 2570 fallaces
448 2525 570 2590 perque
587 2506 693 2571 omnia
709 2507 841 2583 numina
857 2507 963 2572 iurant

125 2593 171 2658 sio
187 2591 270 2668 fore,
287 2611 402 2674 meque
419 2590 530 2656 iubent
546 2591 650 2677 pictae
667 2591 743 2658 dare
760 2587 832 2658 vela
849 2592 984 2657 carinae.

124 2678 256 2743 dextera
274 2675 385 2742 Naxus
402 2687 479 2740 erat.
523 2677 634 2742 dextra
650 2676 728 2741 mihi
745 2677 842 2743 lintea
859 2678 946 2742 danti
1164 2700 1213 2749 640

124 2761 228 2845 “quid
244 2760 339 2838 facis,
356 2782 376 2825 o
394 2761 543 2826 demens?
560 2762 630 2845 quis
648 2773 680 2827 te
696 2762 809 2827 furor”
826 2763 931 2846 inquit
947 2760 1103 2848 Opheltes

124 2855 145 2886 ⁴⁴
151 2847 370 2934 persequitur?
386 2847 525 2912 retinel''
544 2849 692 2913 “laevam
709 2847 806 2933 pete''
823 2848 964 2912 maxima
979 2861 1061 2914 nutu

123 2955 199 3020 pars
216 2931 482 3017 mihisignifieat,
501 2953 590 3017 pars,
608 2932 685 3016 quid
702 2933 793 3011 velit,
811 2955 865 2998 ore
883 2947 1034 2999 susurrat

124 3017 281 3103 obstipui,
298 3017 517 3103 “capiat'’que
535 3018 640 3083 “alius
657 3018 896 3084 moderamina”
915 3019 981 3084 dixi

123 3126 239 3188 meque
256 3102 431 3169 ministerio
449 3104 638 3187 scelerisque
655 3104 794 3187 artisque
810 3103 940 3169 removi.
1163 3126 1212 3177 645

123 3190 269 3274 iucrepor
285 3212 306 3253 a
322 3188 457 3266 eunctis,
474 3199 639 3273 totumque
665 3188 877 3254 inmurmurat
894 3211 1019 3275 agmen.

124 3298 143 3341 e
161 3274 277 3359 quibus
293 3274 465 3339 Aethalion
483 3280 538 3339 “te
556 3274 676 3339 sufficet
692 3275 794 3339 omnis
810 3275 844 3338 in
861 3296 925 3339 uno

122 3371 232 3425 nostra
248 3360 334 3424 salus
350 3360 454 3445 posita
470 3359 557 3424 estl’'
575 3359 620 3424 ait
636 3371 668 3424 et
684 3358 770 3424 subit
786 3359 854 3445 ipse
871 3379 1042 3444 meumque

123 3444 229 3531 explet
246 3467 341 3531 opus,
358 3445 515 3528 Naxoque
531 3445 611 3530 petit
626 3444 752 3510 diversa
768 3445 887 3510 relicta.

122 3543 191 3597 tum
209 3530 288 3597 deus
304 3529 631 3614 illudens‚tamquam
642 3530 737 3594 modo
755 3530 892 3614 denique
908 3530 1054 3597 fraudem
1162 3553 1212 3604 650
1306 3527 1309 3535 Α

122 3618 269 3694 senserit,
287 3639 305 3681 e
322 3614 423 3701 puppi
439 3626 572 3700 pontum
588 3626 769 3700 prospectat
785 3616 910 3682 adunca

122 3714 155 3768 et
171 3701 259 3768 flenti
277 3700 387 3765 similis
405 3706 494 3765 “non
511 3700 590 3765 haec
607 3700 684 3765 mihi
702 3701 808 3777 litora,
825 3712 951 3778 nautae,

120 3786 333 3874 promisistis’'
353 3785 411 3862 ait,
431 3791 520 3850 “non
537 3785 616 3851 haec
633 3786 711 3849 mihi
727 3797 811 3850 terra
828 3797 939 3871 rogata
957 3798 1015 3852 est

121 3893 186 3956 quo
204 3872 306 3936 merui
320 3892 459 3970 poenam
475 3870 580 3936 facto?
596 3892 679 3954 quae
696 3870 798 3956 gloria
815 3885 920 3936 vestra
937 3884 995 3950 est,

121 3957 149 4021 si
168 3978 302 4041 puerum
319 3977 465 4032 iuvenes,
483 3955 510 4020 si
527 3956 618 4019 multi
635 3956 744 4021 fallitis
761 3956 903 4021 unum?''

120 4041 309 4108 iamdudum
326 4040 451 4105 flebam.
493 4040 639 4105 lacrimas
656 4064 769 4106 manus
786 4040 884 4127 impia
900 4053 1023 4107 nostras

121 4127 205 4196 ridet
222 4138 255 4196 et
270 4125 404 4215 impellit
420 4126 663 4218 properantibus
681 4147 820 4217 aequora
837 4127 941 4197 remis.

1160 3976 1209 4029 655
