2800 4500
234 250 282 327 '22
572 271 605 329 1.
624 272 749 332 oman
765 271 927 332 11001110

174 418 223 468 100
240 409 345 465 0001110
361 395 394 463 in
412 396 576 482 obliquum
593 409 642 464 est
657 398 722 464 lato
739 399 921 464 curvamine
937 397 1037 475 limes,

240 506 455 567 zonammque
472 484 567 548 trium
585 495 751 550 contentus
768 485 831 549 fine
849 485 1020 569 polumque

240 570 354 656 effugit
369 570 539 635 australem
555 569 758 653 iunctamque
775 571 974 654 aquilonibus
991 572 1123 633 Arcton.

240 656 301 720 hac
318 655 447 721 sititor:
465 655 632 719 manifesta
648 667 736 720 rotae
754 656 888 741 vestigia
905 677 1024 720 cernes.

240 754 338 825 utque
355 740 458 806 ferant
475 760 594 823 aequos
612 752 643 806 et
660 741 783 805 caelum
801 752 833 806 et
849 753 934 806 terra
950 741 1080 816 calores,

175 844 223 893 135
241 849 300 892 nec
315 849 424 913 preme
440 847 500 891 nec
517 848 676 890 summum
692 826 804 891 molire
821 849 878 912 per
894 826 1023 892 aethera
1040 845 1177 891 currum.

241 912 335 977 altius
352 933 498 997 egressus
516 911 663 975 caelestia
679 922 763 977 tecta
781 912 963 990 cremabis,

240 997 372 1062 inferius
388 1009 502 1062 terras:
519 996 624 1061 medio
641 997 816 1062 tutissimus
833 997 903 1062 ibis.

241 1105 304 1149 neu
322 1094 353 1147 te
371 1081 528 1148 dexterior
545 1092 662 1146 tortum
679 1082 816 1147 declinet
832 1082 873 1147 ad
890 1085 1052 1168 Anguem,

241 1191 322 1234 neve
340 1167 511 1232 sinisterior
527 1189 668 1252 pressam
686 1178 756 1232 rota
774 1169 869 1234 ducat
886 1168 927 1234 ad
944 1169 1059 1232 Aram:

122 1330 124 1334 ,
176 1272 225 1321 140
241 1255 322 1319 inter
339 1264 507 1336 utrumque
524 1264 606 1317 tene.
649 1252 810 1318 Fortunae
828 1263 933 1319 cetera
948 1253 1075 1330 mando,

242 1361 325 1423 quae
341 1338 429 1403 iuvet
445 1349 476 1403 et
492 1338 620 1414 melius,
638 1358 735 1421 quam
752 1349 787 1403 tu
804 1338 876 1416 tibi,
895 1334 1039 1404 consulat
1055 1347 1140 1423 opto.

243 1426 320 1490 dum
336 1424 458 1507 loquor,
476 1421 634 1508 Hesperio
651 1424 770 1509 positas
786 1424 821 1488 in
836 1424 927 1491 litore
943 1435 1043 1488 metas

241 1509 351 1574 umida
367 1530 431 1573 uox
448 1508 560 1592 tetigit
603 1529 667 1573 non
685 1520 734 1574 est
750 1531 840 1574 mora
855 1509 956 1574 libera
971 1508 1077 1574 11011101

241 1594 410 1681 poscimur.
454 1593 587 1679 effulget
603 1593 741 1658 tenebris
759 1616 873 1659 aurora
888 1594 1018 1680 fugatis.

176 1698 224 1746 145
244 1680 365 1780 corripe
381 1679 450 1744 lora
467 1701 564 1743 manu
579 1714 624 1726 -
639 1679 705 1757 vel,
723 1679 750 1744 si
767 1679 920 1745 mutabile
936 1690 1048 1766 pectus

243 1775 291 1829 est
308 1765 380 1841 trbi,
398 1764 549 1840 consiliis,
567 1785 631 1828 non
648 1764 793 1831 cunibus
810 1776 899 1830 utere
915 1765 1040 1842 nostris,

243 1852 319 1915 dum
336 1860 426 1935 potes
443 1861 475 1915 et
492 1849 599 1914 solidis
617 1849 798 1916 etiamnunc
814 1850 942 1916 sedibus
959 1860 1053 1926 astas,

244 1938 384 2019 dumque
399 1936 482 2000 male
499 1946 624 2020 optatos
640 1935 781 2000 nondum
800 1936 916 2021 premis
932 1936 1050 2001 inscius
1068 1957 1154 2001 axes.

243 2042 326 2106 quae
343 2031 429 2085 tutus
447 2043 462 2085 s
485 2034 584 2098 actes,
603 2020 670 2086 sine
687 2044 739 2087 me
756 2022 832 2087 dare
848 2020 968 2087 lumina
984 2020 1095 2086 terris!

177 2125 226 2173 150
243 2118 377 2190 occupat
393 2106 447 2171 ille
463 2043 567 2171 levem
584 2105 723 2172 iuvenali
740 2128 870 2193 corpore
888 2129 1015 2173 currum

172 2208 173 2211 ’
243 2203 367 2276 statque
384 2214 489 2277 super,
507 2191 716 2276 manibusque
734 2193 823 2258 datae
841 2193 1022 2295 contingere
1038 2192 1179 2259 habenas

242 2277 363 2363 gaudet
379 2289 411 2343 et
427 2278 525 2341 invito
542 2289 648 2361 grates
666 2278 734 2363 agit
750 2279 823 2345 inde
840 2291 972 2366 11010111.

243 2364 365 2428 interea
381 2362 539 2438 volucres,
556 2362 670 2446 Pyrois
689 2373 720 2427 et
737 2362 827 2428 Eous
844 2375 877 2428 et
892 2364 1031 2441 Aethon,

245 2446 329 2514 Solis
348 2448 435 2530 equi,
453 2459 646 2530 quartusque
663 2447 823 2533 Phlegon,
840 2447 1014 2513 hinnitibus
1032 2471 1126 2514 auras

177 2551 225 2600 155
243 2532 437 2597 flammiferis
454 2532 587 2617 implent
602 2531 801 2616 pedibusque
817 2534 971 2619 repagula
986 2534 1123 2619 pulsant.

244 2640 326 2700 quae
343 2628 511 2701 postquam
528 2616 663 2702 Tethys,
680 2617 819 2681 fatorum
835 2618 947 2702 ignara
962 2618 1096 2703 nepotis,

243 2703 394 2789 reppulit,
412 2713 444 2768 et
459 2702 545 2767 facta
562 2712 610 2767 est
626 2701 771 2767 immensi
788 2703 880 2789 copia
896 2703 1016 2780 mundi,

244 2788 422 2873 corripuere
439 2787 524 2852 viam
540 2787 739 2873 pedibusque
755 2810 813 2874 per
829 2793 903 2854 0110
919 2789 1012 2853 motis

244 2874 404 2939 obstantes
422 2872 570 2938 scindunt
586 2873 719 2938 nebulas
736 2874 911 2959 pennisque
927 2873 1024 2939 levati

177 2979 226 3027 100
243 2968 444 3045 praetereunt
461 2969 547 3023 ortos
562 2958 664 3023 isdem
681 2958 723 3024 de
739 2959 882 3044 partibus
900 2982 1002 3025 euros.

244 3046 299 3109 sed
316 3044 387 3109 leve
403 3044 528 3145 pondus
545 3054 625 3119 erat,
642 3065 702 3109 nec
719 3044 806 3128 quod
823 3065 1013 3130 cognoscere
1030 3055 1159 3130 possent

244 3128 328 3195 Solis
346 3149 433 3212 equi,
451 3130 604 3213 solitaque
620 3129 732 3215 iugum
749 3130 904 3215 gravitate
921 3131 1058 3195 carebat.

243 3226 341 3298 utque
358 3215 467 3279 labant
483 3236 599 3280 curvae
616 3214 699 3279 iusto
718 3215 785 3280 sine
802 3216 940 3301 pondere
956 3238 1054 3281 naves

244 3320 363 3384 perque
380 3322 468 3364 mare
484 3299 647 3364 instabiles
663 3299 762 3364 nimia
778 3300 907 3366 levitate
923 3301 1078 3378 feruntur,

178 3404 226 3453 165
245 3384 290 3455 sic
308 3406 402 3449 onere
420 3395 545 3449 assueto
563 3406 683 3449 vacuus
701 3384 756 3449 dat
772 3386 804 3449 in
823 3392 900 3450 00210
913 3388 1012 3451 saltus

245 3470 481 3552 succutiturque
499 3469 561 3535 alte
579 3469 753 3553 similisque
769 3481 818 3535 est
834 3492 944 3534 currus
961 3471 1055 3535 inani

244 3555 330 3637 quod
348 3554 480 3619 simulac
497 3577 638 3633 sensere,
655 3565 751 3620 ruunt
769 3555 939 3638 tritumque
956 3555 1137 3638 relinquunt

245 3638 425 3724 quadriiugi
442 3640 594 3725 spatium,
611 3661 671 3705 nec
688 3661 751 3724 quo
768 3641 870 3726 prius,
888 3640 997 3706 ordine
1015 3649 1155 3705 currunt.

184 3787 186 3790 ,
244 3723 311 3808 ipse
328 3736 436 3808 pavet:
454 3746 514 3790 nec
532 3746 595 3807 qua
612 3725 795 3790 commissas
812 3726 917 3790 flectat
933 3724 1084 3800 habenas,

177 3827 302 3876 1101100
320 3808 393 3886 scit,
411 3829 476 3892 qua
492 3809 532 3874 sit
548 3810 618 3886 iter,
635 3831 710 3888 nec,
728 3810 755 3874 si
772 3810 864 3888 sciat,
881 3811 1015 3896 imperet
1030 3810 1102 3875 illis.

243 3905 311 3958 tum
328 3894 465 3979 primum
481 3894 576 3959 radiis
594 3894 691 3980 gelidi
708 3896 832 3960 caluere
849 3896 977 3974 triones,

244 3990 275 4044 et
292 3979 389 4045 vetito
406 3980 524 4044 frustra
541 3990 735 4065 temptarunt
752 4002 888 4063 aequore
906 3981 1018 4067 tingui.

243 4085 388 4152 quaeque
405 4067 479 4151 polo
496 4066 600 4154 posita
616 4077 665 4150 est
681 4066 807 4153 glaciali
823 4068 968 4155 proxima
985 4089 1125 4155 serpens,
