2800 4500
259 256 302 322 36
578 269 613 326 Ρ.
631 269 756 328 OVIDII
772 268 936 328 NASONIS

261 415 331 459 esse
349 392 426 458 velis
443 392 603 480 prolisque
620 416 711 460 meae
728 405 898 460 matertera
914 392 977 460 dici
992 430 1037 443 ·-

209 534 210 538 ,
260 481 365 544 Herse
382 501 479 544 eausa
495 479 580 544 viae:
598 479 723 557 faveas,
741 486 883 556 oramus,
900 480 1039 544 amanti?

262 564 374 649 aspicit
390 564 475 630 hunc
492 565 591 629 oculis
608 565 725 642 isdem,
742 565 858 649 quibus
876 565 984 630 abdita
1000 588 1103 652 nuper

261 649 383 716 viderat
399 651 562 736 Aglauros
579 650 681 716 flavae
699 661 820 717 secreta
836 649 1014 728 Minervae,

194 755 244 805 750
260 757 381 820 proque
397 736 570 800 ministerio
587 735 696 822 magni
714 735 774 800 sibi
791 736 938 822 ponderis
956 759 1068 802 aurum

261 821 413 907 postulat3
431 821 551 887 interea
567 821 658 886 tectis
676 823 829 887 excedere
846 822 941 907 cogit.

182 968 186 975 .
261 905 355 972 vertit
371 906 413 971 ad
429 905 513 970 hanc
529 906 610 971 torvi
628 907 688 971 dea
705 907 819 972 bellica
835 907 962 972 luminis
980 907 1088 974 orbem

261 1002 293 1057 et
309 1002 397 1056 tanto
413 993 539 1078 penitus
556 991 653 1056 traxit
669 992 805 1078 suspiria
821 1003 921 1070 motu,

260 1088 297 1142 ut
314 1076 432 1162 pariter
448 1088 559 1164 pectus
576 1077 777 1163 positamque
793 1077 827 1143 in
844 1091 971 1164 pectore
988 1078 1062 1143 forti

194 1182 243 1231 755
262 1162 377 1249 aegida
394 1173 584 1228 concuteret.
627 1163 726 1240 subit,
743 1163 826 1229 hanc
842 1186 957 1229 arcana
973 1163 1107 1249 profana

261 1248 418 1313 detexisse
435 1271 547 1324 manu,
565 1259 633 1314 tum
651 1270 725 1313 eum
743 1249 810 1314 sine
826 1260 928 1315 matre
945 1261 1082 1314 creatam

262 1333 466 1398 Lemnicolae
484 1334 611 1419 stirpem
629 1345 739 1399 eontra
756 1335 831 1399 data
847 1334 976 1400 foedera
992 1334 1086 1400 vidit:

262 1430 295 1483 et
311 1428 498 1503 gratamque
516 1418 575 1483 deo
592 1418 660 1485 fore
677 1419 742 1484 iarn
759 1431 947 1505 gratamque
965 1420 1073 1497 sorori,

262 1515 294 1569 et
312 1504 409 1569 ditem
427 1517 563 1589 sumpto,
580 1504 668 1587 quod
685 1527 781 1569 avara
797 1515 998 1590 poposcerat,
1016 1525 1103 1570 auro.

195 1608 245 1658 760
261 1590 404 1675 protinus
422 1589 565 1655 Invidiae
581 1590 673 1675 nigro
691 1591 869 1674 squalentia
885 1591 960 1655 tabo

263 1685 346 1739 tecta
362 1675 451 1759 petit.
495 1675 607 1739 domus
625 1688 672 1741 cst
689 1676 761 1740 imis
778 1676 811 1740 in
828 1676 963 1741 vallibus
980 1676 1074 1741 huius

263 1759 383 1836 abdita,
402 1760 467 1824 sole
485 1781 609 1835 carens,
627 1782 691 1825 non
709 1761 765 1825 ulli
783 1762 892 1847 pervia
908 1774 1013 1839 vento,

262 1844 358 1910 tristis
375 1856 407 1910 et
423 1845 532 1931 ignavi
549 1846 731 1932 plenissima
747 1846 889 1932 frigoris,
906 1858 939 1912 et
955 1869 1038 1929 quae

262 1931 337 2016 igne
354 1942 445 1996 vacet
463 1953 598 2033 semper,
616 1932 751 2018 caligine
768 1955 894 2018 semper
912 1932 1062 1997 abundet.

196 2035 247 2108 765
262 2015 326 2081 huc
343 2015 399 2081 ubi
416 2028 559 2102 pervemt
577 2018 654 2083 belli
675 2018 845 2083 metuenda
862 2018 982 2104 virago,

263 2101 401 2166 constitit
418 2112 491 2167 ante
510 2103 640 2167 domurn
657 2102 776 2188 (neque
794 2104 879 2168 enim
896 2104 1064 2169 succedere
1082 2103 1172 2169 tectis

262 2187 311 2253 fas
329 2186 440 2272 habet)
458 2198 489 2254 et
506 2199 612 2275 postes
630 2198 772 2256 extrema
790 2189 920 2276 cuspide
936 2190 1052 2276 pulsat.

263 2295 433 2339 concussae
450 2286 581 2360 patuere
597 2274 692 2340 fores.
735 2276 823 2340 videt
839 2275 923 2340 intus
941 2276 1088 2340 edentem

262 2360 406 2445 vipereas
424 2380 548 2437 carnes,
565 2360 713 2425 vitiorum
731 2359 880 2425 alimenta
896 2381 1036 2435 suorum,

196 2467 246 2515 770
262 2443 436 2522 Invidiam,
453 2446 584 2529 visaque
601 2446 710 2510 oculos
728 2445 850 2510 avertit.
895 2445 997 2509 atille

263 2529 365 2616 surgit
381 2530 478 2595 humo
496 2531 586 2616 pigre
604 2550 859 2613 semesarumque
875 2528 1025 2613 relinquit

263 2637 395 2702 corpora
412 2629 593 2701 serpentum
610 2637 770 2701 passuque
786 2614 904 2702 incedit
916 2614 1022 2679 inerti.

261 2713 361 2785 utque
379 2701 471 2766 deam
487 2701 568 2765 vidit
583 2700 748 2783 formaque
766 2700 924 2783 armisque
941 2700 1099 2775 decoram,

263 2788 418 2869 ingemuit
437 2785 624 2868 vultumque
640 2785 707 2850 ima
722 2786 764 2850 ad
781 2787 915 2871 suspiria
929 2784 1029 2849 duxit.

197 2898 246 2948 775
264 2874 366 2961 pallor
381 2874 416 2939 in
433 2895 487 2938 ore
504 2872 607 2948 sedet,
624 2870 742 2934 macies
759 2869 792 2933 in
810 2889 940 2954 corpore
957 2877 1034 2940 toto,

264 2982 422 3044 nusquam
439 2970 526 3024 reeta
543 2957 641 3033 acies,
659 2955 758 3020 livent
775 2954 921 3039 rubigine
939 2953 1059 3027 dentes,

264 3057 393 3132 pectora
409 3044 483 3110 felle
501 3043 619 3118 virent,
636 3042 747 3126 lingua
764 3050 811 3105 est
829 3039 951 3103 suffusa
967 3058 1100 3102 veneno.

264 3132 346 3195 risus
364 3130 468 3205 abest,
484 3128 547 3193 nisi
563 3149 658 3211 quem
675 3126 735 3190 visi
752 3145 879 3190 movere
897 3125 1030 3189 dolores.

264 3238 324 3282 nec
340 3214 457 3280 fruitur
473 3234 597 3289 somno,
615 3211 803 3297 vigilacibus
820 3210 924 3275 excita
941 3208 1034 3285 curis,

198 3325 247 3374 780
265 3302 322 3367 scd
337 3301 425 3366 videt
441 3300 582 3385 ingratos
598 3296 829 3380 intabescitque
846 3296 983 3360 videndo

265 3407 429 3453 successus
447 3383 625 3459 hominurn,
643 3382 807 3468 carpitque
825 3392 857 3446 et
874 3381 1013 3466 carpitur
1029 3401 1103 3454 una,

265 3494 324 3571 sup
348 3470 518 3553 liciumque
535 3491 628 3534 suum
646 3483 703 3533 est.
746 3466 891 3550 quamvis
909 3478 1015 3530 tamen
1032 3465 1141 3528 oderat
1158 3462 1254 3538 illam,

265 3494 381 3622 tahbbs
399 3555 507 3621 adfata
524 3566 572 3619 est
589 3553 726 3619 breviter
742 3550 886 3616 Tritonia
903 3551 994 3616 dictis

265 3642 371 3707 ‘infice
389 3641 462 3706 tabe
479 3651 536 3706 tua
551 3650 696 3704 natarum
715 3634 867 3748 Cecropis
884 3658 991 3700 unam.

198 3748 247 3800 rso
264 3728 311 3792 sic
328 3749 408 3812 opus
425 3736 483 3791 est.
526 3725 686 3811 Aglauros
708 3745 747 3786 ea
763 3731 820 3786 est.
874 3720 961 3785 haud
977 3719 1070 3806 plura
1085 3717 1192 3782 locuta

264 3813 346 3899 fugit
365 3823 396 3878 et
412 3812 565 3898 impressa
581 3809 727 3875 tellurem
743 3805 881 3892 reppulit
897 3806 998 3870 hasta.

264 3898 319 3964 illa
337 3898 430 3964 deam
448 3895 576 3979 obliquo
594 3894 772 3979 fugientem
787 3890 907 3956 lumine
925 3911 1055 3956 cernens

265 4005 428 4048 murmura
444 4003 543 4068 parva
560 3979 647 4046 dedit
664 3997 946 4060 successurumque
963 3975 1129 4039 Minervae

236 4097 238 4104 ·
264 4068 412 4146 indoluit,
429 4067 642 4150 baculumque
660 4063 755 4151 capit,
776 4064 863 4147 quod
885 4061 994 4147 spinea
1011 4070 1112 4126 totum
