2800 4500
243 192 286 262 80
577 205 610 262 r.
630 203 755 265 evron
771 182 934 264 unacurt
1049 250 1052 253 .

244 352 382 397 cernere.
425 328 491 395 vidi
507 327 611 415 ipsum
628 342 771 396 materno
789 329 943 416 sanguine
961 327 1069 395 nasci!

176 438 228 487 ato
246 416 361 502 excipit
377 414 500 482 Uranie
519 422 753 500 ‘quaecumque
771 428 820 481 est
836 438 933 481 causa
949 415 1078 481 videndi

243 503 301 568 has
317 501 391 578 tibi,
410 502 500 578 diva,
519 501 644 581 domos,
662 503 768 566 animo
784 501 963 587 gratissima
979 513 1087 566 nostro
1104 522 1146 567 ea

244 610 319 653 vera
335 598 441 652 tamen
458 587 545 651 fama
562 597 625 664 est,
643 597 674 652 et
690 586 739 652 Pe
763 609 838 651 asus
855 586 949 651 huius
967 586 1056 672 origo

243 672 350 738 fontis'
368 685 400 738 et
417 672 457 737 ad
474 672 583 737 latices
601 671 733 737 deduxit
780 671 885 736 allada
901 693 1017 736 sacros.

242 779 324 842 quae
342 759 455 823 mirata
472 756 528 822 diu
544 758 645 822 factas
661 757 752 843 pedis
770 757 886 825 ictibus
903 757 1016 833 undas,

176 863 226 913 265
244 845 395 908 silvarum
410 845 499 908 lucos
517 842 728 928 circumspicit
745 842 945 925 antiquarum

244 940 396 1013 antraque
413 938 445 994 et
460 927 634 994 innumeris
652 927 815 992 distinctas
832 927 963 992 floribus
981 927 1110 993 herbast

243 1015 414 1099 felicesque
432 1023 526 1078 vocat
541 1012 660 1100 pariter
676 1013 845 1096 studioque
862 1014 995 1097 locoque

243 1099 478 1165 Mnemonidas.
520 1119 618 1183 quam
635 1097 681 1164 sic
698 1097 807 1163 adfata
824 1108 870 1163 est
887 1120 952 1162 una
969 1120 1126 1163 sororumz

171 1240 177 1252 ,.
243 1192 288 1263 ‘o‚
305 1184 415 1251 uisite
432 1183 533 1250 virtus
550 1205 647 1269 opera
664 1184 706 1248 ad
723 1184 842 1248 maiora
859 1183 991 1260 tulisset,

176 1290 226 1339 270
242 1270 275 1334 in
292 1282 415 1357 partem
433 1281 567 1336 ventura
583 1268 671 1335 chori
688 1269 833 1334 Tritonia
849 1269 958 1346 nostri,

242 1355 434 1421 verarefers
450 1354 624 1438 meritoque
641 1353 758 1441 probas
775 1364 921 1437 artesque
938 1355 1121 1439 locumque:

243 1451 275 1505 et
291 1451 415 1527 gratam
432 1452 563 1516 sortem,
581 1451 669 1507 tutae
685 1439 781 1504 modo
798 1439 907 1517 simus,
924 1437 1090 1505 habemus.

242 1526 300 1591 sed
315 1562 361 1573 -
375 1525 508 1591 vetitum
527 1537 574 1590 est
591 1526 671 1591 adeo
688 1523 801 1590 sceleri
816 1523 895 1589 nihil
912 1560 956 1572 -—
972 1524 1078 1590 omnia
1095 1536 1213 1592 terrent

242 1610 401 1697 virgineas
417 1623 554 1687 mentes,
573 1611 723 1695 dirusque
740 1622 814 1675 ante
831 1631 888 1674 ora
903 1609 1076 1695 Pyreneus
1122 1627 1262 1696 apameae.

175 1717 224 1767 275
242 1696 385 1775 vertitur,
403 1708 435 1762 et
451 1697 592 1761 nondum
610 1706 677 1762 tota
692 1719 744 1761 me
761 1707 867 1761 mente
884 1695 999 1782 recepi.

241 1780 385 1847 Daulida
401 1780 549 1847 Thre'r'cio
566 1781 758 1865 Phoceaque
776 1781 875 1846 milite
892 1804 966 1846 rura

242 1877 370 1954 ceperat
385 1867 438 1932 ille
455 1866 546 1933 ferox
562 1867 742 1950 iniustaque
759 1889 858 1952 regna
875 1866 1013 1932 tenebat.

195 2026 198 2031 Α
242 1952 361 2039 templa
376 1951 563 2037 petebamus
580 1951 750 2017 Parnasia:
768 1952 848 2016 vidit
865 1963 986 2028 euntes,

231 2049 411 2122 vnostraque
428 2037 535 2102 fallaci
551 2048 720 2104 veneratus
737 2038 868 2103 numina
884 2038 975 2103 vultu

173 2146 224 2196 280
242 2122 521 2201 “Mnemonides,”
539 2121 707 2208 (cognorat
724 2122 824 2208 enim)
842 2120 1058 2198 “consistite’'
1076 2121 1157 2188 dixit

242 2214 326 2275 “nec
343 2208 501 2286 dubitate,
517 2230 639 2294 precor,
656 2219 740 2275 tecto
757 2231 856 2295 grave
874 2208 961 2274 sidus
978 2218 1010 2274 et
1026 2207 1184 2273 imbrem''

241 2294 358 2380 (imber
374 2294 456 2380 erat)
473 2295 599 2360 “vitare
616 2317 697 2359 meo.
742 2294 868 2360 subiere
885 2295 1023 2360 minores

241 2403 336 2467 saepe
353 2402 443 2446 casas
461 2379 598 2465 superi.”
642 2379 734 2445 dictis
752 2391 784 2445 et
801 2392 942 2465 tempore
959 2388 1063 2445 motae

242 2465 473 2549 adnuimusque
491 2464 559 2529 viro
575 2465 758 2550 primasque
774 2464 960 2530 intravimus
978 2465 1083 2531 aedes.
1140 2504 1143 2508 ·

174 2571 223 2621 aaa
242 2551 400 2617 desierant
416 2550 548 2626 imbres,
566 2550 713 2634 victoque
730 2550 931 2633 aquilonibus
948 2562 1056 2616 austro

240 2636 332 2702 fusca
348 2646 519 2722 repurgato
536 2635 703 2721 fugiebant
719 2635 829 2700 nubila
846 2635 943 2701 caelo.

239 2722 377 2808 impetus
393 2721 440 2787 ire
456 2720 527 2786 fuit.
571 2721 689 2785 claudit
706 2743 764 2785 sua
782 2731 865 2786 tecta
882 2721 1048 2806 Pyreneus

240 2806 368 2893 vimque
385 2817 490 2893 paratz
507 2827 605 2890 quam
621 2828 679 2871 nos
697 2829 767 2871 sum
791 2806 832 2871 tis
849 2804 1022 2892 effugimus
1038 2806 1106 2872 alis.

238 2892 308 2978 ipse
324 2903 472 2958 secuturo
490 2892 600 2958 similis
617 2892 707 2972 stetit,
720 2914 755 2957 ar
777 2914 838 2956 uus
855 2914 937 2965 arce,

172 2999 223 3050 tao
240 2978 417 3062 “qua’'que
435 2977 512 3041 “via
529 2988 577 3043 est
593 2977 698 3053 vobis,
717 2976 776 3041 erit
793 2989 824 3042 et
841 2976 942 3041 mihi’'
961 2978 1040 3042 dixit
1058 2974 1226 3053 “eadem’'
1256 3031 1259 3037 ,

240 3086 338 3148 seque
354 3063 430 3128 iacit
446 3085 556 3128 vecors
574 3084 592 3129 e
610 3085 753 3127 summae
771 3062 906 3128 culmine
924 3063 1018 3127 turris

240 3161 272 3215 et
289 3149 374 3215 cadit
390 3148 423 3213 in
440 3148 563 3225 vultus,
581 3146 778 3232 discussique
796 3147 919 3212 ossibus
937 3148 1000 3212 oris

238 3234 344 3301 tundit
360 3233 493 3299 humum
511 3232 647 3298 moriens
665 3235 817 3298 scelerato
835 3232 989 3317 sanguine
1006 3231 1157 3298 tinctam?

238 3319 337 3385 Musa
353 3319 557 3403 loquebaturr
575 3340 698 3404 pennae
716 3340 850 3383 sonuere
866 3340 924 3404 per
941 3340 1044 3395 auras,
1109 3316 1225 3369 Pieriam
1236 3323 1262 3371 εἰ

171 3427 221 3478 aaa
239 3427 365 3490 voxque
383 3405 576 3469 salutantum
593 3403 689 3468 ramis
706 3401 854 3469 veniebat
871 3402 912 3467 ab
930 3403 1011 3468 altis.
1134 3384 1239 3439 Mum·

239 3514 293 3556 sus
315 3489 370 3555 icit
387 3501 433 3567 et,
450 3489 593 3575 linguae,
611 3488 748 3572 quaerit,
766 3499 832 3553 tam
849 3498 935 3553 certa
951 3489 1115 3572 loquentes

237 3514 324 3642 untih
340 3586 467 3651 sonent,
483 3572 707 3658 hominemque
724 3585 815 3660 putat
831 3573 909 3638 Iove
925 3584 1001 3638 nata
1017 3571 1169 3639 locutum.
1257 3625 1261 3638 ,

238 3662 304 3727 ales
321 3671 403 3738 erat3
420 3680 616 3744 numeroque
633 3681 763 3735 novem,
781 3680 839 3722 sua
856 3658 922 3723 fata
940 3669 1118 3743 querentes,

237 3746 414 3812 institerant
431 3745 527 3811 ramis
544 3743 705 3810 imitantes
722 3743 828 3811 omnia
844 3743 945 3830 picae.
1027 3812 1030 3817 ,

171 3851 221 3900 too
236 3831 364 3896 mnanti
381 3831 427 3895 sic
444 3852 516 3895 orsa
533 3831 612 3896 deae
630 3829 705 3895 dea:
724 3835 841 3915 ‘nuper
857 3840 889 3895 et
906 3829 985 3895 istae

239 3926 395 3982 auxerunt
412 3917 578 3980 volucrum
594 3915 697 3980 victae
715 3913 884 3980 certamine
902 3914 1037 3979 turbam.

237 3999 352 4066 Pieros
369 4000 427 4064 has
444 4000 555 4086 genuit
573 3999 709 4069 Pellaeis
727 4000 866 4068 diresin
884 4000 981 4070 arrian
