2800 4500
303 293 672 375 rmrauoarflosuort
687 295 760 354 LIB.
778 296 842 357 VII.
859 297 988 355 stt—1⁷3.
1095 284 1158 353 109

136 421 286 508 quodque
302 422 404 508 magis
421 422 537 487 mirum
555 433 617 499 est,
635 421 730 487 simul
748 422 832 488 edita
850 420 988 487 concutit
1005 444 1102 489 arma.
1178 444 1226 494 130

137 530 215 593 quos
233 507 290 573 ubi
307 509 455 574 viderunt
471 519 660 594 praeacutae
678 508 818 593 cuspidis
835 507 941 572 hastas

135 594 169 659 in
187 605 283 680 eaput
300 593 471 659 Haemonii
487 593 611 660 iuvenis
628 604 775 678 torquere
791 604 950 679 parantes,

136 680 291 746 demisere
308 690 396 744 metu
413 680 600 763 vultumque
617 679 823 762 animumque
842 678 983 765 Pelasgi.

134 765 205 851 ipsa
222 785 350 849 quoque
368 764 527 842 extimuit,
545 786 628 848 quae
645 775 750 829 tutum
767 765 886 830 fecerat
902 764 1005 829 illum:

136 861 234 933 utque
251 850 319 935 peti
335 850 415 915 vidit
431 850 579 916 iuvenem
597 861 644 915 tot
662 850 704 914 ab
722 849 865 915 hostibus
882 872 992 927 unum,

135 937 248 1022 palluit
264 946 296 1002 et
312 935 417 1000 subito
435 936 502 1002 sine
519 936 674 1021 sanguine
691 934 809 1022 frigida
825 935 920 1001 sedit:

135 1044 216 1087 neve
232 1043 346 1107 parum
363 1020 490 1086 valeant
507 1044 527 1085 a
544 1043 579 1086 se
597 1021 671 1085 data
687 1020 847 1106 gramina,
865 1042 992 1087 carmen

136 1107 288 1172 auxiliare
305 1106 390 1171 canit
407 1117 608 1190 secretasque
625 1107 761 1171 advocat
777 1117 871 1172 artes.

135 1192 188 1258 ille
205 1215 336 1279 gravem
352 1190 474 1258 medios
492 1192 611 1257 silicem
628 1191 784 1257 iaculatus
801 1192 834 1256 in
851 1191 957 1257 hostes

135 1301 155 1343 a
172 1299 206 1342 se
224 1277 391 1363 depulsum
408 1277 548 1343 Martem
564 1278 720 1343 convertit
735 1277 770 1343 in
786 1277 881 1363 ipsos.

134 1363 311 1448 terrigenae
327 1372 461 1448 pereunt
475 1385 535 1464 per
551 1374 662 1428 mutua
679 1364 811 1429 vulnera
828 1362 941 1428 fratres

135 1449 282 1532 civilique
300 1448 419 1513 cadunt
436 1469 513 1514 acre.
615 1459 724 1513 tantur
739 1447 859 1524 Achivi

134 1533 349 1617 victoremque
366 1544 476 1599 tenent
492 1533 545 1598 avi
568 1534 658 1617 'sque
675 1534 875 1620 amplexibus
890 1533 1032 1601 haerent.

134 1631 169 1684 tu
187 1640 315 1703 quoque
331 1619 484 1685 victorem
501 1619 683 1704 complecti,
700 1620 851 1693 barbara,
869 1619 981 1685 velles:

134 1703 255 1768 obstitit
271 1705 341 1769 inoe
364 1716 397 1770 to
415 1704 518 1791 pudor
533 1715 566 1768 et
585 1701 765 1791 [complexa
780 1706 896 1770 fuisses

111 1847 115 1851 ,
135 1787 191 1853 sed
208 1798 254 1864 te,
271 1809 313 1853 ne
344 1809 464 1863 aceres,
475 1788 590 1876 tenuit]
599 1790 778 1855 reverentia
793 1790 908 1856 famae.

133 1873 220 1957 quod
237 1873 326 1949 licet,
343 1871 460 1938 affectu
476 1878 573 1939 tacito
589 1874 718 1939 laetaris
734 1875 867 1961 agisque

133 1958 326 2023 carminibus
343 1969 449 2044 grates
466 1970 499 2025 et
515 1959 564 2024 dis
581 1959 764 2025 auctoribus
781 1959 905 2026 horum.

175 2043 370 2130 Pervigilem
386 2055 531 2130 superest
547 2044 653 2111 herbis
670 2045 775 2130 sopire
792 2047 972 2124 draconem,

134 2129 189 2213 qui
207 2129 301 2194 crista
317 2129 497 2215 linguisque
515 2130 616 2195 tribus
632 2130 810 2216 praesignis
827 2142 859 2197 et
876 2131 966 2197 uncis

134 2214 281 2281 dentibus
298 2214 473 2282 horrendus
491 2227 596 2282 custos
614 2227 682 2282 erat
698 2216 819 2282 arboris
837 2239 961 2283 aureae.

133 2301 219 2366 hunc
235 2311 403 2386 postquam
421 2302 535 2387 sparsit
552 2301 688 2368 Lethaei
705 2302 848 2389 gramine
866 2303 933 2369 suci

134 2386 293 2471 verbaque
311 2398 359 2452 ter
376 2386 455 2452 dixit
470 2387 613 2473 placidos
629 2387 779 2454 facientia
795 2410 932 2465 somnos,

132 2495 216 2557 quae
232 2494 319 2538 mare
337 2471 513 2549 turbatum,
531 2495 614 2557 quae
631 2474 755 2539 concita
770 2475 902 2540 flumina
918 2474 1041 2553 sistunt,

133 2580 263 2623 somnus
280 2556 314 2624 in
329 2558 457 2643 ignotos
474 2559 583 2624 oculos
600 2559 662 2624 sihi
678 2560 779 2636 venit,
797 2571 829 2626 et
845 2583 923 2626 auro

133 2643 225 2709 heros
242 2643 403 2709 Aesonius
419 2643 553 2729 potitur3
571 2644 736 2730 spolioque
754 2646 909 2731 superbus

133 2728 272 2795 muneris
289 2739 450 2794 auctorem
467 2752 591 2806 secum,
609 2730 711 2816 spolia
728 2730 842 2809 altera,
858 2742 988 2817 portans

132 2815 233 2881 victor
249 2813 403 2879 Iolciacos
420 2814 522 2901 tetigit
539 2837 613 2881 cum
630 2817 724 2880 coniu
748 2838 766 2881 e
782 2827 902 2904 portus.

175 2898 373 2965 Haemoniae
389 2911 506 2965 matres
523 2923 581 2986 pro
598 2900 702 2987 gnatis
720 2838 805 2966 dona
820 2924 892 2967 rece
916 2902 956 2967 tis
1124 2920 1221 2975 Aaou.

131 2985 368 3072 grandaevique
385 2985 628 3135 feruntdpatres,
646 2997 861 3072 congestaque
951 3011 1006 3054 ma
1172 3010 1221 3061 160

132 3081 204 3135 tura
220 3070 443 3154 liquefaciunt,
459 3071 493 3135 in
515 3092 556 3136 uc
611 3093 652 3136 ue
670 3072 818 3137 cornibus
836 3095 949 3137 aurum

132 3155 261 3222 victima
277 3166 353 3221 vota
369 3156 463 3221 cadit.
506 3155 563 3222 sed
580 3179 600 3221 a
623 3167 670 3222 est
687 3158 886 3257 gratantibus
903 3157 1024 3237 Aeson,

130 3241 196 3307 iam
212 3241 340 3327 propior
356 3242 418 3306 leto
435 3241 603 3326 fessusque
619 3242 771 3308 senihbus
788 3243 889 3308 annis.

72 3403 74 3408 ¹
131 3349 205 3392 eum
223 3327 269 3392 sic
285 3326 475 3392 Aesonides:
494 3333 528 3392 ‘o
545 3327 598 3392 cui
615 3327 731 3394 dehere
748 3328 883 3394 sulutem

131 3412 292 3490 confiteor,
310 3412 462 3491 coniunx,
479 3434 674 3498 quamquam
691 3413 769 3479 mihi
786 3425 900 3479 cuncta
917 3413 1041 3493 dedisti,
1170 3436 1219 3488 165

131 3497 328 3582 excessitque
344 3496 441 3563 fidem
456 3498 641 3563 meritorum
658 3521 782 3563 summa
798 3510 938 3564 tuorum:

130 3583 159 3648 si
174 3594 281 3649 tamen
298 3582 359 3649 hoc
375 3594 508 3669 possunt
523 3583 616 3667 (quid
634 3584 719 3649 euim
735 3605 800 3649 non
817 3583 957 3649 carmina
974 3587 1150 3671 possuntt),

131 3668 222 3735 deme
239 3668 319 3734 meis
336 3668 427 3733 annis
445 3680 476 3735 et
493 3669 637 3754 demptos
654 3669 736 3735 adde
754 3669 897 3755 parenti.’

129 3775 189 3818 nec
206 3754 308 3820 tenuit
323 3752 480 3821 lacrimas.
523 3764 610 3819 mota
626 3765 674 3819 est
690 3754 808 3840 pietate
825 3754 976 3841 rogantis,

130 3838 376 3922 dissimilemque
394 3838 535 3903 animum
552 3839 650 3904 subiit
666 3839 772 3906 Aeeta
787 3840 925 3905 relictus.
970 3871 973 3878 Α
1168 3862 1218 3914 170

129 3945 190 3989 nec
206 3934 313 3989 tamen
330 3923 463 3990 affectus
481 3924 559 3989 tales
577 3924 722 3990 confessa
739 3925 852 4010 ‘quod'
869 3925 973 4010 inquit

129 4009 262 4074 ‘excidit
279 4030 333 4076 ore
350 4020 420 4087 tuo,
437 4009 589 4087 coniunx,
607 4010 730 4076 scelus?
746 4032 823 4096 ergo
841 4033 901 4096 ego
919 4011 1068 4096 cuiquam

128 4116 222 4186 posse
239 4105 313 4161 tuae
330 4094 440 4162 videor
457 4093 595 4181 spatium
611 4096 836 4163 transscribere
852 4096 954 4170 vitae?
