2800 4500
184 262 635 343 municarnosrounru
648 261 883 322 amara-au.
896 262 975 322 nv.
987 259 1080 318 1-ar.
1102 242 1165 314 235

144 393 297 460 hactenus
315 403 386 460 acta
403 392 461 457 tibi
477 414 608 478 possum
624 388 830 456 memoranda
845 388 974 467 referre,
1183 403 1233 457 95⁶

143 481 296 545 hactenus
312 478 392 566 haec
409 477 551 543 memini:
569 499 629 543 nec
644 498 735 541 mens
751 497 824 540 mea
840 486 944 540 cetera
961 472 1068 540 sensit

143 587 226 650 quae
243 577 412 650 postquam
429 563 536 641 rediit,
554 563 652 629 alium
668 584 720 627 me
738 581 869 646 corpore
883 571 962 636 toto,

145 673 183 716 ac
200 651 324 719 fueram
340 671 452 736 nuper,
470 670 574 733 neque
591 647 728 714 eundem
745 662 850 711 mente
867 643 983 728 recepi.
1052 662 1056 669 ·

144 736 226 803 hanc
243 758 304 822 ego
321 747 388 800 tum
405 734 543 820 primum
560 733 694 799 viridem
711 731 873 817 fenngine
889 730 1023 794 barbam

144 821 377 905 caesariemque
394 843 512 898 meam,
530 841 627 904 quam
643 818 696 883 lon
756 839 815 903 per
831 837 969 899 aequora
986 837 1089 891 verro,
1185 836 1235 887 900

144 907 352 997 ingentesque
369 927 496 971 umeros
514 916 547 971 et
563 905 689 970 caerula
697 841 856 968 biarchis
872 900 938 965 vidi

144 1013 298 1076 cruraque
315 990 481 1078 pinnigero
499 1001 631 1056 curvata
646 988 819 1054 novissima
835 986 932 1073 pisce.

144 1077 221 1161 quid
238 1089 346 1142 tamen
362 1076 442 1141 haec
459 1075 595 1162 species,
614 1074 692 1158 quid
711 1073 759 1139 dis
776 1073 933 1159 placuisse
951 1069 1090 1148 marinis,

143 1162 220 1246 quid
237 1162 324 1227 iuvat
342 1183 411 1227 esse
429 1161 540 1237 deum,
558 1160 585 1225 si
601 1170 637 1225 tu
653 1181 719 1224 non
736 1158 875 1244 tangeris
891 1157 992 1222 istiei'

142 1248 218 1312 talia
236 1247 407 1333 dicentem,
425 1245 583 1312 dicturum
598 1245 706 1332 plura,
723 1244 850 1328 reliquit
1185 1261 1235 1311 aas

144 1332 253 1418 Scylla
269 1333 375 1397 deum.
419 1330 496 1396 furit
512 1331 566 1397 ille
582 1330 722 1396 irritatus
744 1352 785 1395 ue
802 1329 930 1415 repulsa
1005 1391 1009 1394 .

142 1418 325 1504 prodigiosa
341 1416 422 1503 petit
438 1416 605 1482 Titanidos
622 1415 702 1481 atria
720 1351 840 1480 dircen.

397 1686 514 1742 LIBER
530 1684 712 1753 QUARTUS
729 1682 907 1742 DECIMUS.

143 1844 277 1929 Iamque
295 1843 464 1931 Giganteis
480 1842 628 1909 iniectam
645 1842 793 1909 faucibus
809 1843 939 1908 Aetnen

143 1952 282 2014 arvaque
301 1928 491 2015 Cyclopum,
508 1928 586 2028 quid
603 1939 717 2004 rastra,
736 1926 814 2012 quid
830 1950 907 1992 usus
926 1924 1031 2003 aratri,

143 2016 265 2091 nescia,
282 2037 342 2080 nec
360 2016 531 2098 quicquam
547 2013 663 2078 runctis
681 2012 830 2078 debentia
846 2011 961 2089 bubus,

142 2101 278 2186 liquerat
294 2099 459 2164 Euboicus
476 2097 669 2163 tumidarum
687 2098 789 2162 cultor
806 2119 961 2181 aquarum
966 2119 976 2172 ;

143 2186 279 2271 liquerat
296 2182 486 2251 ct'Zanclen
504 2183 701 2268 adversaque
717 2182 844 2248 moenia
860 2181 976 2268 Rhegi,
1185 2203 1202 2251 s

143 2272 408 2360 navifragumque
423 2270 557 2347 fretum,
574 2270 702 2356 gemino
720 2269 807 2354 quod
824 2268 916 2335 litore
932 2289 1077 2353 pressum

143 2358 308 2423 Ausoniae
327 2355 517 2441 Siculaeque
534 2366 621 2421 tenet
638 2355 902 2440 confiniaqterrae.

142 2444 218 2509 inde
235 2466 332 2508 manu
349 2465 467 2529 magna
483 2441 650 2529 Tyrrhena
660 2464 724 2528 per
741 2462 880 2525 aequora
896 2449 1007 2506 vectus

144 2529 318 2595 herbiferos
336 2528 412 2594 adiit
431 2528 526 2593 colles
544 2538 640 2612 atque
658 2528 739 2592 atria
756 2524 901 2593 Glaucus

145 2613 221 2681 Sole
240 2626 327 2681 satae
346 2610 470 2690 Circes,
489 2613 648 2679 variarum
666 2612 762 2698 plena
778 2613 928 2678 ferarum.

144 2721 240 2783 quam
258 2691 352 2765 simul
369 2698 506 2785 aspexit,
525 2698 610 2763 dicta
627 2708 821 2783 acceptaque
839 2697 951 2776 salute,

97 2860 98 2863 Ἴ
144 2785 247 2862 ‘divu,
265 2784 317 2850 dei
334 2785 497 2859 miserere,
514 2782 639 2868 precorl
657 2806 734 2847 nam
751 2783 819 2847 sola
835 2782 942 2848 levare

143 2881 179 2935 tu
196 2882 286 2956 potes
303 2868 402 2934 hunc'
421 2867 514 2945 dixit,
533 2868 656 2933 ‘videar
673 2867 769 2932 modo
787 2868 917 2953 dignus,
936 2888 1086 2932 amorem.

144 2966 263 3040 quanta
280 2954 322 3020 sit
338 2954 523 3031 herbarum,
541 2952 664 3029 Titani,
681 2952 838 3038 potentia,
856 2952 935 3016 nulli

143 3063 239 3125 quam
257 3040 336 3104 mihi
352 3039 525 3126 coguitius‚
542 3036 598 3122 qui
615 3060 688 3102 sum
704 3049 845 3104 mutatus
863 3036 905 3102 ab
922 3037 993 3102 illis.
1188 3057 1219 3105 15

142 3149 223 3192 neve
241 3125 304 3191 mei
321 3148 386 3191 non
402 3135 478 3190 nota
494 3123 552 3188 tibi
569 3124 610 3188 sit
627 3145 725 3189 causa
741 3122 872 3188 furoris:
1117 3139 1237 3207 (Scylla.)

143 3211 234 3278 litore
251 3210 285 3275 in
302 3210 424 3288 Italico,
442 3208 604 3276 Messenia
621 3209 748 3274 moenia
765 3219 884 3286 contra,

144 3296 253 3382 Scylla
270 3295 347 3360 mihi
364 3296 433 3360 visa
450 3306 507 3361 eet.
551 3293 655 3381 pudor
672 3305 735 3372 est,
752 3294 907 3381 promissa
924 3314 1097 3380 precesque

149 3381 381 3466 blanditiasque
391 3403 478 3444 meas
489 3391 733 3465 contemptaque
750 3379 849 3444 verba
865 3378 993 3444 referre.

144 3478 178 3531 at
194 3478 244 3543 tu,
262 3468 329 3532 sive
347 3465 466 3548 aliquid
484 3465 574 3552 regni
591 3464 689 3530 estin
708 3466 861 3542 carmine,
879 3486 1006 3529 carmen
1188 3483 1221 3533 20

144 3574 199 3616 ore
216 3573 309 3615 move
327 3572 417 3615 sacro
422 3575 432 3627 3
450 3551 516 3616 sive
535 3550 751 3651 expugnacior
767 3550 868 3616 herba
884 3563 942 3627 est,

144 3649 232 3701 utere
250 3635 410 3721 temptatis
428 3658 579 3719 operosae
596 3636 718 3700 v1ribus
735 3635 863 3701 herbae.

144 3743 204 3787 nec
220 3721 368 3786 medeare
385 3720 462 3784 mihi
480 3743 636 3805 sanesque
653 3720 734 3785 haec
751 3722 883 3786 vulnera
900 3718 1028 3797 mando,

143 3808 206 3871 fine
230 3828 270 3871 ue
287 3806 332 3869 nil
350 3827 429 3890 opus
447 3816 509 3881 est,
526 3819 650 3891 partem
666 3805 749 3871 ierat
765 3805 820 3871 illa
836 3806 969 3871 caloris!

145 3903 178 3956 at
226 3891 289 3956 irce
306 3889 424 3974 (neque
443 3889 527 3954 enim
543 3890 678 3956 flammis
696 3889 794 3958 habet
809 3891 915 3978 aptius
932 3891 998 3956 ulla
1186 3909 1219 3960 25

145 3977 260 4043 talibus
277 3975 455 4061 ingenium,
474 3997 531 4039 seu
549 3998 645 4041 causa
662 3987 711 4041 est
728 3976 822 4042 huius
839 3977 872 4042 in
889 3976 969 4061 ipsa,

144 4086 202 4132 seu
214 4061 330 4131 Venus
348 4060 464 4156 indicio
482 4059 557 4125 facit
575 4060 635 4152 hoc
652 4060 775 4128 offensa
791 4063 939 4151 paterno)
