2800 4500
313 245 678 342 amvauoarnomcu
696 283 770 339 nm.
787 285 837 342 vr.
856 242 1000 343 sat-721.
1109 268 1174 340 105*

148 415 298 491 quattuor
312 406 366 474 ille
383 408 512 491 quidem
528 407 659 474 iuvenes
676 407 869 492 totidemque
887 421 1009 476 crearat

148 492 305 559 femineae
323 493 424 558 sortis.
469 493 525 559 sed
543 504 611 558 erat
627 515 686 579 par
702 493 806 558 forma
822 493 966 573 duarum,
1188 517 1239 569 680

149 601 168 643 e
186 578 301 663 quibus
318 579 470 644 Aeolides
489 577 651 664 Cephalus
669 591 700 644 te
718 579 853 666 coniuge
870 580 958 657 felix,

148 663 274 741 Procri,
292 664 367 729 fuit:
385 665 509 730 Boreae
526 665 648 729 Tereus
664 664 870 749 Thracesque
888 667 1059 735 nocebant:

150 749 328 834 dilectaque
345 750 400 814 diu
417 750 518 815 caruit
536 750 614 815 deus
633 747 792 835 Orithyia,

151 836 227 900 dum
243 857 279 900 ro
323 846 385 902 tet
401 835 548 920 precibus
565 835 686 899 mavult
703 855 802 918 quam
818 835 938 902 viribus
955 838 1012 904 uti.

150 931 199 986 ast
216 920 273 985 ubi
311 921 449 986 lauditiis
467 920 573 1006 agitur
589 920 681 997 nihil,
699 919 845 986 horridus
863 921 920 999 ira,

150 1026 232 1089 quae
250 1005 342 1071 solita
358 1019 406 1071 est
422 1005 467 1070 illi
483 1005 680 1089 nimiumque
698 1006 870 1072 domestica
887 1020 992 1086 vento,

150 1097 197 1157 ‘et
214 1091 339 1157 merito’
357 1091 450 1156 dixit:
473 1090 564 1175 ‘quid
582 1091 665 1155 enim
683 1113 756 1156 mea
771 1092 835 1156 tela
851 1092 974 1176 reliqui,

149 1176 314 1242 saevitiam
330 1189 362 1241 et
379 1176 460 1242 vires
477 1175 620 1260 iramque
637 1176 822 1260 animosque
838 1177 988 1256 minaces,

150 1262 339 1346 admovique
355 1284 479 1347 preces,
496 1282 631 1345 quarum
648 1284 700 1327 me
717 1262 850 1330 dedecet
866 1264 963 1329 usus?

150 1359 226 1450 apta
242 1347 321 1412 mihi
336 1348 385 1412 vis
403 1359 464 1413 est:
483 1348 515 1412 vi
530 1347 633 1413 tristia
648 1347 759 1413 nubila
775 1348 869 1433 pello,

149 1455 183 1499 v1
199 1434 281 1498 freta
297 1432 443 1498 concutio
460 1433 644 1518 nodosaque
660 1433 777 1498 robora
793 1446 882 1500 verto

29 1529 33 1536 '
149 1519 327 1603 induroque
344 1519 434 1585 nives
451 1530 484 1585 et
500 1529 599 1584 terras
616 1519 770 1605 grandine
787 1519 890 1605 pulso.

28 1656 32 1662 .
148 1605 234 1671 idem
251 1625 312 1690 ego
330 1626 403 1670 oum
419 1605 532 1671 fratres
550 1605 638 1669 caelo
655 1628 728 1669 sum
744 1616 856 1670 nactus
874 1617 984 1692 aperto

149 1689 239 1774 (nam
255 1689 334 1754 mihi
350 1712 482 1775 campus
498 1690 616 1775 isest),
633 1701 722 1755 tanto
739 1691 899 1758 molimine
916 1693 1027 1772 luctor,

149 1786 186 1840 ut
202 1776 326 1841 medius
343 1776 457 1840 nostris
475 1775 681 1841 concursibus
698 1775 823 1841 insonet
840 1777 957 1856 aether,

150 1862 342 1946 exiliantque
359 1861 446 1927 cavis
463 1861 532 1927 elisi
548 1860 687 1925 nubibus
703 1860 804 1947 ignes.

148 1947 234 2012 idem
251 1968 312 2032 ego
330 1968 402 2012 cum
420 1946 504 2011 subii
520 1968 663 2011 convexa
679 1945 836 2010 foramina
853 1958 965 2026 terras,

149 2032 364 2117 supposuique
382 2031 473 2097 ferox
489 2031 561 2096 imis
577 2053 650 2097 mea
666 2041 757 2116 terga
774 2032 927 2107 cavernis,

149 2118 280 2183 sollicito
297 2117 413 2183 Manes
429 2128 595 2200 totumque
612 2116 801 2181 tremoribus
819 2117 937 2183 orbem.

148 2205 285 2289 hacope
303 2202 475 2269 debueram
492 2202 646 2268 thalamos
663 2201 806 2288 petiisse3
824 2224 975 2287 socerque

113 2289 115 2291 ’
147 2311 212 2354 non
229 2288 367 2354 orandus
385 2300 452 2355 erat
469 2289 546 2353 mihi
563 2289 620 2355 sed
637 2288 802 2354 faciendus
819 2287 1039 2356 Erechtheus?

148 2374 228 2440 haec
244 2375 366 2439 Boreas
384 2385 440 2439 aut
456 2373 505 2439 his
521 2396 586 2439 non
603 2374 754 2439 inferiora
769 2375 894 2440 locutus

148 2461 287 2527 excussit
304 2482 439 2545 pennas3
458 2482 594 2544 quarum
609 2460 777 2526 iactatibus
795 2461 896 2525 omnis

148 2546 265 2611 adflata
281 2557 330 2611 est
346 2546 449 2622 tellus,
466 2546 629 2630 latumque
646 2546 825 2631 perhorruit
841 2567 969 2630 aequor.

147 2632 395 2717 pulvereumque
412 2630 539 2696 trahens
555 2654 613 2716 per
630 2653 755 2695 summa
772 2633 937 2696 cacumina
953 2633 1070 2717 pallam

147 2716 244 2781 verrit
261 2715 407 2792 humum,
424 2716 636 2801 pavidamque
653 2727 741 2781 metu
758 2716 893 2801 caligine
910 2728 1013 2784 tectus

148 2800 319 2887 Orithyian
336 2824 446 2866 amans
463 2802 559 2867 fulvis
576 2801 774 2887 amplectitur
790 2802 858 2866 alis.

149 2888 225 2952 dum
243 2888 343 2964 volat,
361 2899 506 2953 arserunt
522 2886 633 2972 agitati
650 2886 763 2951 fortius
779 2887 881 2972 ignes.

146 2994 207 3038 nec
223 2972 312 3058 prius
329 2972 405 3038 aiirii
422 2993 533 3037 cursus
551 2971 726 3058 suppressit
742 2971 892 3051 habenas,

148 3080 245 3141 quam
264 3055 421 3123 Ciconum
437 3058 538 3123 tenuit
554 3057 688 3142 populos
707 3067 739 3122 et
755 3057 881 3123 moenia
898 3070 1015 3145 raptor.

146 3143 211 3209 illic
229 3153 261 3209 et
276 3142 375 3228 gelidi
392 3142 530 3208 coniunx
546 3144 670 3208 Actaea
687 3142 814 3227 tyranni

150 3239 182 3295 et
198 3228 343 3314 genetrix
359 3229 445 3293 facta
462 3238 519 3303 est,
536 3238 645 3313 partus
663 3227 757 3293 enixa
773 3228 935 3313 gemellos,

147 3326 252 3380 cetera
269 3314 324 3398 qui
340 3314 464 3390 matris,
482 3335 603 3398 pennas
619 3313 770 3398 genitoris
787 3313 950 3379 haberent.

147 3414 211 3464 non
228 3412 335 3466 tamen
352 3398 409 3463 has
427 3421 491 3462 una
507 3410 683 3463 memorant
700 3403 774 3463 cum
791 3420 922 3484 corpore
938 3410 1044 3466 natast

148 3485 310 3568 barbaque
328 3485 404 3548 dum
421 3482 522 3547 rutilis
540 3483 650 3549 aberat
666 3483 803 3548 subnixa
820 3484 951 3569 capillis,

148 3569 315 3654 implumes
333 3566 504 3651 Calaisque
520 3590 601 3654 puer
618 3568 776 3652 Zetesque
793 3568 931 3634 fuerunt.

148 3676 223 3718 mox
239 3654 356 3739 pariter
372 3676 494 3739 pennae
511 3655 575 3719 ritu
592 3675 725 3753 coepere
742 3654 912 3719 volucrum·

23 3793 34 3802 .
148 3739 275 3824 cingere
292 3747 461 3821 utrumque
478 3740 576 3816 latus,
593 3749 712 3825 pariter
727 3739 898 3805 flavescere
916 3741 1027 3808 malae.

148 3847 183 3889 er
206 3823 297 3888 oubi
315 3823 470 3889 concessit
486 3836 611 3909 tempus
628 3824 748 3909 puerile
765 3825 923 3902 iuventae,

147 3847 266 3974 vellera
282 3931 355 3973 cum
372 3908 494 3993 Minyis
511 3910 610 3974 nitido
628 3909 783 3974 radiantia
800 3911 875 3974 villo

146 4017 204 4083 per
221 4016 308 4061 mare
324 4016 389 4060 non
405 4005 517 4060 notum
533 3995 635 4082 prima
651 3995 771 4081 petiere
788 3996 904 4062 carina.
