2800 4500
291 256 659 318 unrnuomuosuou
676 261 749 317 nm.
766 255 846 318 xrv.
866 263 1011 319 11s-20a
1101 246 1163 316 239
1225 305 1237 345 4

138 383 299 450 desertum
317 383 479 468 quondam
495 382 608 448 mediis
625 384 681 467 qui
697 384 830 469 rupibus
847 386 973 450 Aetnae
1182 406 1232 455 rso

139 468 242 549 noscit
258 467 535 546 Achaemeniden,
551 467 786 552 improvisoque
803 489 962 555 repertum

138 555 246 621 vivere
263 553 410 630 miratus,
429 554 498 637 ‘qui
516 564 548 619 te
566 575 698 619 casusve
717 555 836 619 deusve

138 649 259 717 servat,
276 637 533 705 Achaemenide?
550 638 620 703 cur'
638 639 741 722 inquit
758 639 908 703 ‘barbara
927 638 1062 705 Graium

137 747 233 811 prora
249 724 355 790 vehit?
371 724 489 809 petitur
506 737 612 789 vestra
629 746 711 808 quae
729 737 813 790 terra
829 725 967 790 carinai'

138 810 214 875 talia
231 808 396 893 quaerenti
413 809 477 873 iam
494 831 558 874 non
576 809 716 876 hirsutus
733 810 861 885 amictu,

138 895 202 960 iam
221 917 297 960 suus
315 905 348 960 et
364 894 463 981 spinis
481 906 625 971 conserto
643 894 783 961 teemine
800 895 904 973 nullis,

138 980 225 1045 fatur
241 979 510 1046 Achaemenidest
528 980 657 1046 ‘iterum
674 949 896 1066 lolyphemon
915 993 947 1046 et
964 982 1034 1047 illos

138 1065 291 1151 aspiciam
307 1064 421 1130 fluidos
438 1065 579 1131 humano
596 1067 752 1151 sanguine
768 1066 877 1143 rictus,

139 1149 200 1215 hac
216 1150 295 1214 mihi
312 1150 339 1214 si
356 1150 460 1235 potior
476 1150 589 1234 domus
608 1163 657 1216 est
673 1151 846 1236 Ithaceque
864 1151 979 1228 carina,

139 1235 288 1301 siminus
306 1236 441 1301 Aenean
458 1257 591 1302 veneror
608 1237 761 1323 genitore.
805 1258 864 1303 nec
883 1259 1033 1321 umquam
1181 1258 1230 1308 170

137 1341 209 1386 esse
227 1321 303 1386 satis
320 1333 441 1406 potero,
458 1334 616 1406 praestem
633 1322 708 1387 licet
725 1322 845 1398 omnia,
863 1335 982 1407 gratus.

137 1405 226 1489 quod
242 1406 356 1489 loquor
372 1416 404 1471 et
426 1405 510 1492 spiro
528 1406 714 1491 caelumque
733 1417 765 1472 et
781 1408 885 1473 sidera
902 1408 975 1472 solis

138 1491 282 1575 respicio,
301 1490 461 1576 possimne
477 1492 621 1578 ingratus
639 1505 672 1557 et
688 1492 854 1558 immemor
871 1494 959 1558 esse?

138 1575 192 1640 ille
210 1575 310 1653 dedit,
328 1576 414 1659 quod
431 1598 495 1642 non
513 1576 619 1642 anima
635 1577 715 1643 haec
733 1574 885 1663 Cyclopis
901 1578 935 1643 in
952 1600 1009 1643 ora

138 1661 241 1737 venit3
259 1672 291 1726 et
307 1661 423 1726 utiam
440 1685 525 1728 nunc
541 1662 649 1728 lumen
667 1663 762 1728 vitale
779 1664 970 1746 relinquam:
1181 1687 1228 1736 175

138 1758 195 1811 aut
212 1746 334 1810 tumulo
352 1757 408 1811 aut
424 1759 509 1813 certe
527 1769 591 1813 non
607 1749 662 1812 illa
680 1749 799 1813 condar
815 1748 847 1812 in
865 1749 947 1813 alvo.

138 1830 216 1916 quid
232 1830 311 1896 mihi
327 1841 403 1899 tunc
421 1833 578 1896 animi-
594 1834 656 1897 nisi
673 1834 700 1897 si
717 1834 813 1898 timor
829 1834 959 1899 abstulit
976 1856 1100 1901 ornnem

139 1939 267 1983 sensum
284 1916 488 2000 animumque
505 1917 639 1994 -fuit,
657 1939 731 1983 cum
748 1939 805 1983 vos
823 1930 930 2003 petere
948 1920 1013 1984 alta
1028 1921 1156 1987 relictus

138 2023 278 2086 aequora
294 2002 464 2102 conspexi?
490 2002 577 2067 volui
593 2003 779 2081 inclamare,
797 2003 854 2069 sed
871 2003 953 2068 hosti

137 2086 271 2174 prodere
288 2109 340 2152 me
357 2086 457 2152 timui.
500 2100 624 2154 vestrae
642 2109 769 2172 quoque
787 2089 906 2154 clamor
921 2087 1027 2155 Ulixis
1181 2115 1230 2164 180

137 2193 240 2274 paene
257 2171 318 2237 rati
333 2173 451 2238 nocuit„
494 2174 574 2251 vidi,
592 2196 665 2239 curu
683 2185 790 2239 monte
807 2174 969 2239 revulsum

138 2281 309 2325 rmmanem
326 2259 491 2344 scopulum
508 2261 628 2325 medias
646 2260 789 2346 permisit
806 2261 839 2325 in
856 2261 972 2326 undas:

138 2342 204 2409 vidi
221 2344 335 2409 iterum
353 2345 450 2410 veluti
467 2346 616 2411 tormenti
632 2346 753 2410 viribus
770 2358 842 2412 acta

138 2440 230 2493 vasta
247 2426 409 2514 Giganteo
426 2430 617 2496 iaculantem
634 2454 713 2496 saxa
729 2432 857 2509 lacerto,

138 2525 186 2591 et,
203 2536 244 2579 ue
261 2514 450 2601 deprimeret
466 2516 620 2582 fluctusve
636 2516 759 2583 ictusve
777 2518 925 2595 carinam,

136 2599 300 2684 pertimui,
317 2599 385 2664 iam.
399 2623 450 2666 me
467 2622 532 2665 non
548 2625 617 2668 esse
635 2602 752 2667 oblitus
770 2603 801 2666 in
820 2604 883 2668 illa.

134 2692 173 2746 ut
189 2702 264 2745 vero
281 2680 360 2766 fuga
376 2703 434 2746 vos
451 2705 471 2745 a
489 2692 576 2746 certa
592 2694 692 2746 morte
709 2683 845 2757 reduxit,

137 2769 191 2834 ille
210 2769 338 2851 quidem
356 2779 455 2834 totam
471 2769 699 2836 fremebundus
717 2771 902 2837 obambulat
919 2774 1058 2838 Aetnam

137 2864 410 2953 praetemptatque
418 2863 524 2919 “manu
542 2855 637 2920 silvas
655 2867 687 2921 et
703 2856 830 2921 luminis
847 2859 944 2921 orbus

137 2938 270 3023 rupibus
286 2950 439 3016 incursat,
457 2939 648 3023 foedataque
665 2939 815 3006 bracchia
831 2943 906 3007 tabo
1181 2967 1228 3015 rao

137 3024 171 3088 in
189 3045 276 3088 mare
293 3025 483 3108 protendens
499 3036 629 3110 gentem
646 3038 811 3091 execratur
827 3028 985 3093 Achivam

138 3120 233 3191 atque
251 3108 294 3173 ait
312 3115 358 3173 “o
375 3109 402 3174 si
419 3110 490 3193 quis
507 3110 625 3176 referat
640 3110 719 3176 mihi
737 3134 829 3176 casus
846 3111 975 3178 Ulixem

138 3204 193 3257 aut
211 3194 350 3277 aliquem
367 3216 385 3260 e
403 3195 511 3273 sociis,
529 3195 563 3259 in
579 3217 674 3280 quem
691 3219 763 3261 mea
779 3198 897 3263 saeviat
916 3198 973 3275 ira,

137 3278 260 3344 viscera
278 3278 367 3344 cuius
385 3281 492 3358 edam,
510 3279 600 3346 cuius
617 3280 757 3346 viventia
773 3282 884 3347 dextra

136 3364 280 3429 membra
296 3387 368 3430 mea
384 3364 514 3442 laniem,
532 3365 622 3431 cuius
640 3365 718 3430 mihi
735 3367 865 3452 sanguis
882 3369 1014 3434 inundet
1178 3394 1225 3442 195

136 3460 262 3534 guttur,
279 3461 312 3515 et
329 3450 398 3515 elisi
415 3461 462 3516 tre
484 3450 571 3517 ident
588 3452 649 3516 sub
666 3451 814 3517 dentibus
831 3453 932 3517 artusl

137 3555 234 3616 quam
250 3535 374 3600 nullum
391 3546 447 3601 aut
462 3474 533 3602 leve
551 3536 592 3601 sit
608 3536 759 3602 damnum
777 3536 855 3601 mihi
870 3538 950 3604 lucis
968 3539 1174 3626 ademptael''

136 3618 216 3683 haec
234 3631 265 3684 et
282 3620 374 3704 plura
390 3620 490 3686 ferox.
533 3644 585 3687 me
601 3621 724 3687 luridus
741 3634 876 3708 occupat
892 3623 1002 3689 horror

136 3714 332 3788 spectantem
350 3706 456 3771 vultus
473 3705 646 3772 etiamnum
663 3708 760 3773 caede
777 3708 940 3774 madentes

136 3788 345 3873 crudelesque
361 3813 475 3856 manus
493 3805 525 3856 et
539 3791 666 3857 inanem
683 3793 812 3858 luminis
829 3794 940 3860 orbem
1173 3817 1223 3866 eoo

136 3873 343 3958 membraque
360 3886 393 3941 et
409 3875 548 3941 humano
566 3890 745 3944 concretam
762 3879 915 3964 sanguine
933 3880 1075 3946 barbam.

135 3980 222 4024 mors
239 3970 307 4025 erat
324 3971 398 4027 ante
415 3960 536 4038 oculos,
553 3962 720 4028 minimum
737 3975 843 4029 tamen
860 3964 914 4030 illa
930 3967 1096 4032 malorum.

134 4056 168 4113 et
183 4044 248 4112 iam
265 4068 468 4135 pransurum,
486 4045 549 4113 iam
566 4070 651 4117 nuno
667 4071 740 4119 mea
757 4050 878 4119 viscera
895 4052 988 4119 rebar
