2800 4500
224 248 267 320 26
554 265 588 324 Ρ.
607 263 911 327 ormnnnsoms

222 389 387 458 interitura
403 391 508 478 gravi,
526 416 683 459 summam
700 395 779 481 petit
796 395 914 461 arduus
932 414 1047 474 arcem,

223 476 309 543 unde
326 478 405 543 solet
420 479 521 544 nubes
538 479 609 545 latis
627 479 777 546 inducere
794 480 895 559 terris,

223 562 309 629 unde
326 576 433 629 movet
449 567 583 630 tonitrus
599 565 786 650 vibrataque
802 567 937 632 fulmina
952 566 1059 632 iactat.

224 648 281 714 sed
298 670 401 732 neque
419 670 497 733 quas
515 664 622 736 posset
639 651 730 717 terris
747 652 897 718 inducere
913 653 1015 717 nubes

156 753 207 805 310
223 743 300 799 tuno
316 733 441 813 habuit,
457 758 516 802 nec
533 757 613 820 quos
630 738 718 803 caelo
736 737 913 803 demitteret
929 738 1056 804 imbres.

223 819 360 897 intonat,
378 832 410 885 et
427 821 539 887 dextra
554 823 705 888 libratum
721 822 844 888 fulmen
861 824 902 888 ab
920 846 997 888 aure

222 904 308 971 misit
323 904 358 970 in
375 907 517 993 aurigam
534 907 714 993 pariterque
731 908 899 992 animaque
915 908 1056 993 rotisque

224 989 345 1077 expulit
361 1002 394 1056 et
410 1014 519 1058 saevos
531 994 725 1080 compescuit
741 993 869 1079 ignibus
886 994 987 1079 ignes.

224 1087 464 1142 consternantur
480 1079 554 1161 equi
571 1089 603 1144 et
619 1080 702 1143 saltu
718 1078 752 1143 in
769 1079 925 1144 contraria
940 1079 1027 1144 facto

156 1183 206 1235 313
224 1164 305 1227 colla
321 1162 397 1248 iugo
415 1163 550 1248 eripiunt
568 1164 766 1249 abruptaque
783 1164 851 1230 lora
868 1164 1059 1248 relinquunt.

135 1327 136 1331 Ἰ
222 1248 287 1313 illic
304 1248 394 1313 frena
410 1249 527 1323 iacent,
544 1248 608 1313 illic
624 1258 751 1314 temone
767 1250 912 1315 revulsus

224 1334 306 1409 axis,
323 1332 357 1397 in
373 1333 434 1399 hac
450 1333 529 1399 radii
546 1334 719 1399 fractarum
736 1346 826 1420 parte
842 1346 993 1412 rotarum,

224 1440 395 1504 sparsaque
413 1430 486 1485 sunt
503 1420 566 1484 late
582 1419 678 1485 laceri
694 1420 829 1506 vestigia
846 1441 966 1485 currus.

224 1516 258 1569 at
273 1504 455 1582 Phaethon,
472 1505 582 1570 rutilos
599 1504 727 1570 flamma
743 1506 914 1592 populante
932 1505 1072 1590 capillos,

157 1610 207 1662 330
225 1590 361 1655 volvitur
377 1590 410 1654 in
426 1612 578 1676 praeceps
595 1591 756 1676 longoque
772 1612 829 1675 per
846 1595 920 1656 ae'ra
936 1601 1039 1656 tractu

224 1677 333 1752 fertur,
351 1686 387 1739 ut
403 1675 562 1739 interdum
579 1675 619 1741 de
637 1676 725 1741 caelo
742 1676 834 1742 stella
850 1696 970 1752 sereno,

224 1761 283 1826 etsi
299 1781 363 1825 non
380 1760 507 1838 cecidit,
525 1761 628 1845 potuit
646 1760 798 1826 cecidisse
814 1761 924 1827 videri.

223 1868 319 1931 quem
335 1847 446 1932 procul
462 1868 482 1911 a
498 1847 600 1933 patria
617 1847 742 1913 diverso
758 1847 915 1912 maximus
933 1846 1009 1913 orbe

224 1932 294 1997 exci
316 1932 341 1995 it
357 1930 516 1996 Eridanus
534 1931 752 2016 fumantiaque
770 1932 870 1998 abluit
887 1955 952 1998 ora.

157 2037 207 2089 325
224 1955 343 2082 Naides
360 2017 537 2103 Hesperiae
554 2017 659 2083 trifida
675 2018 832 2083 fumantia
848 2018 976 2083 flamma

225 2124 357 2189 corpora
374 2103 451 2167 dant
466 2104 603 2180 tumulo;
621 2103 748 2189 signant
765 2124 892 2187 quoquo
909 2102 1047 2169 carmine
1065 2127 1191 2172 saxum:

224 2188 290 2255 ‘hic
307 2188 385 2255 situs
402 2199 450 2255 est
466 2188 648 2266 Phaethon,
666 2211 777 2256 currus
794 2190 905 2276 auriga
921 2189 1054 2275 paterni

223 2296 319 2359 quem
337 2274 444 2340 sinon
461 2275 575 2352 tenuit,
593 2275 717 2361 magnis
734 2286 841 2341 tamen
858 2275 975 2341 excidit
992 2276 1097 2341 ausis’

222 2383 298 2424 nam
314 2371 405 2445 pater
421 2360 589 2436 obductos,
605 2361 694 2425 luctu
711 2360 897 2425 miserabilis
915 2382 1021 2445 aegro,

156 2465 207 2517 330
225 2445 408 2511 condiderat
424 2446 546 2522 vultus;
563 2457 595 2510 et
612 2445 751 2509 simodo
769 2446 941 2521 credimus,
958 2468 1059 2510 unum

223 2531 285 2596 isse
303 2531 386 2595 diem
404 2530 470 2596 sine
488 2532 554 2596 sole
571 2530 687 2595 ferunt.
730 2530 876 2595 incendia
893 2530 1000 2596 lumen

222 2616 431 2702 praebebant,
450 2616 626 2699 aliquisque
643 2615 727 2678 malo
744 2614 806 2679 fuit
821 2637 899 2679 usus
915 2615 949 2680 in
965 2615 1029 2679 illc.

224 2713 257 2766 at
275 2698 430 2787 Clymene
447 2712 614 2786 postquam
633 2700 727 2776 dixit,
745 2721 963 2784 quaecumque
981 2699 1110 2765 fuerunt

223 2787 368 2852 intentis
386 2786 519 2852 dicenda
536 2785 642 2862 malis,
660 2785 804 2870 lugubris
822 2797 854 2850 et
871 2808 979 2850 amens

156 2892 205 2941 335
224 2883 254 2938 et
272 2872 390 2937 laniata
406 2871 493 2937 sinus
511 2883 612 2936 totum
628 2870 807 2956 percensuit
824 2871 948 2936 orbemr

224 2957 447 3041 exanimesque
464 2967 551 3023 artus
568 2956 680 3043 prime,
697 2978 773 3020 mox
791 2978 863 3021 ossa
879 2956 1041 3040 requirens

222 3043 362 3129 repperit
378 3043 466 3127 (ossa
482 3053 588 3108 tamen
605 3042 773 3128 peregrina
790 3042 917 3107 condita
932 3040 1042 3126 ripal),

222 3129 429 3210 incubuitque
445 3128 515 3193 loco
532 3147 711 3210 nomenque
727 3128 760 3192 in
777 3148 932 3192 marmore
950 3128 1066 3191 lectum

222 3214 362 3300 perfudit
378 3213 514 3278 lacrimis
532 3225 563 3278 et
580 3224 689 3298 aperto
707 3224 833 3297 pectore
850 3212 939 3277 fovit.

155 3317 206 3369 340
222 3321 282 3364 nec
298 3299 403 3364 minus
420 3298 573 3363 Heliades
589 3298 701 3383 lugent
718 3309 751 3363 et
766 3298 873 3362 inania
888 3297 981 3361 morti
1110 3313 1239 3366 Heliadea

222 3407 354 3449 munera
371 3384 446 3448 dant
464 3384 624 3459 lacrimas,
643 3395 675 3448 et
692 3405 804 3448 caesae
821 3394 949 3467 pectora
965 3382 1079 3468 palmis

222 3490 285 3534 non
302 3468 484 3534 auditurum
501 3468 631 3534 miseras
647 3467 849 3533 Phaethonta
865 3470 1009 3550 querelas

221 3566 315 3620 nocte
332 3554 446 3638 dieque
464 3567 578 3619 vocant
595 3565 860 3635 asternunturque
877 3554 1032 3637 sepulcro.

221 3640 298 3704 luna
314 3649 426 3723 quater
442 3639 557 3705 iunctis
574 3638 721 3724 implerat
737 3637 885 3704 cornibus
902 3638 1027 3703 orbemz

155 3743 204 3793 urs
222 3725 294 3790 illae
310 3746 398 3789 more
416 3745 484 3801 suo,
502 3724 591 3808 (nam
607 3745 729 3789 morem
745 3723 863 3788 fecerat
880 3723 972 3808 usus)

221 3811 406 3911 plangorem
424 3808 586 3874 dederant.
629 3832 646 3874 e
664 3809 734 3892 quis
752 3806 950 3885 Phaethusa,
968 3828 1112 3872 sororum

221 3918 373 3970 mamma,
392 3916 465 3959 cum
482 3894 577 3959 vellet
593 3904 677 3959 terra
693 3892 914 3978 procumbere,
931 3902 1044 3976 questa
1061 3902 1109 3958 est

222 3981 289 4046 deri
335 3980 397 4045 isse
415 3979 522 4065 pedes.
566 3977 608 4044 ad
625 3999 722 4062 quam
739 3989 852 4043 conata
868 3979 975 4044 venire

185 4147 188 4152 ,
222 4088 280 4136 can
304 4066 356 4131 ida
373 4063 540 4152 Lampetie
558 4063 663 4130 subita
678 4064 786 4130 radice
802 4074 924 4130 retenta
940 4073 998 4130 est.
