2800 4500
253 209 296 281 32
582 225 616 284 P.
636 227 761 297 QVIDII
777 224 939 285 NASONIS

186 366 237 418 oro
252 348 344 430 (nota
360 349 487 437 loquor)
502 352 627 438 genuit,
644 352 832 436 fueramque
848 373 910 438 ego
926 350 1015 437 regia
1031 350 1132 438 virgo,
1252 412 1254 417 ,

253 433 404 500 divitibus
426 459 467 502 ue
483 437 587 524 procis
603 473 647 485 —
663 461 704 503 ne
721 460 773 504 me
790 448 955 503 contemne
971 473 1016 485 -
1030 437 1171 523 petebar.

253 519 357 586 forma
407 522 414 538 '
440 523 448 538 ‘
466 522 584 588 nocuit.
626 546 702 588 nam
720 546 793 589 cum
809 545 867 625 per
882 523 974 590 litora
990 523 1083 588 lentis

252 606 413 692 passibus,
431 618 467 673 ut
484 608 585 686 soleo,
602 631 727 675 summa
744 621 897 696 spatrarer
912 609 1041 685 harena,

253 691 333 757 vidit
349 703 382 759 et
397 693 527 759 incaluit
543 694 650 781 pelagi
667 694 757 760 deus.
799 706 900 779 utque
915 694 1075 796 precando

185 796 236 847 oro
253 789 397 864 tempora
413 800 487 846 cum
505 779 629 844 blandis
646 779 822 866 absumpsit
838 781 946 846 inania
961 780 1077 856 verbis,

254 863 319 928 vim
335 875 428 952 parat
444 875 477 931 et
493 865 645 948 sequitur.
688 865 779 951 fugio
796 865 994 950 densumque
1009 865 1156 950 relinquo

253 947 328 1016 litus
345 960 378 1016 et
393 948 428 1014 in
444 950 532 1016 molli
549 950 743 1035 nequiquam
759 953 860 1017 lassor
876 951 1004 1018 harena

252 1034 328 1102 inde
345 1035 421 1101 deos
438 1035 646 1120 hominesque
662 1058 757 1103 voco:
774 1058 834 1103 nec
850 1037 983 1124 contigit
998 1037 1098 1102 ullum

178 1174 181 1183 ,
253 1142 317 1186 vox
333 1143 406 1188 mea
421 1123 596 1187 mortalem.
640 1133 727 1187 mota
744 1133 793 1189 est
809 1143 868 1209 pro
884 1122 1007 1208 virgine
1024 1120 1115 1208 virgo

130 1274 132 1278 Α
185 1224 236 1276 too
253 1206 469 1291 auxiliumque
486 1208 567 1273 tulit.
610 1208 779 1274 tendebam
796 1208 944 1274 bracchia
961 1208 1066 1273 caelo:

253 1291 402 1358 bracchia
418 1303 590 1379 coeperunt
605 1293 730 1359 levibus
746 1294 924 1395 nigrescere
941 1294 1074 1379 pennis.-

252 1377 372 1445 rsicere
389 1401 430 1445 ex
446 1378 564 1445 umeris
581 1390 701 1445 vestem
719 1379 867 1444 mohbarr
886 1392 918 1445 at
934 1380 989 1444 illa

252 1464 362 1550 pluma
378 1474 446 1530 erat
462 1463 559 1549 inque
576 1475 682 1531 cutem
697 1465 821 1530 radices
838 1475 946 1551 egerat
962 1464 1053 1530 imas.

252 1549 404 1636 plangere
421 1549 509 1615 nuda
524 1549 603 1616 meis
621 1551 760 1616 conabar
775 1561 903 1636 pectora
919 1551 1047 1636 palmis:

184 1652 236 1703 585
253 1634 311 1700 sed
327 1656 431 1719 neque
447 1635 511 1700 iam
528 1635 651 1722 palmas
667 1658 728 1701 nec
744 1648 874 1722 pectora
890 1636 976 1700 nuda
992 1636 1154 1722 gerebam

254 1720 434 1787 currebam:
451 1741 526 1798 nec,
543 1732 581 1786 ut
596 1732 684 1798 ante,
701 1722 799 1808 pedes
816 1721 972 1787 retinebat
988 1721 1115 1799 harena,

253 1806 310 1873 sed
327 1828 452 1872 summa
468 1807 601 1872 tollebar
617 1806 725 1872 humo.
769 1828 844 1872 mox
860 1818 933 1872 acta
948 1829 1006 1893 per
1022 1829 1116 1872 auras

253 1891 371 1959 evehor
388 1903 419 1958 et
436 1892 511 1957 data
527 1914 599 1958 sum
616 1913 722 1959 comes
739 1892 901 1980 inculpata
913 1892 1094 1978 Minervae.

179 2046 183 2053 x
253 1977 330 2062 quid
348 1988 454 2044 tamen
471 1977 533 2044 hoo
548 1977 693 2065 prodest,
711 1978 739 2044 si
755 1977 824 2044 diro
841 1978 928 2044 facta
944 1978 1082 2045 volucris

185 2082 236 2132 cao
254 2063 384 2130 crimine
399 2063 590 2149 Nyctimene
606 2075 715 2130 nostro
733 2062 885 2130 successit
901 2064 1031 2129 honori?

254 2149 295 2214 an
312 2170 393 2233 quae
411 2170 469 2235 per
484 2160 584 2214 totam
601 2171 651 2215 res
669 2161 717 2215 est
734 2148 898 2222 notissima
915 2148 1056 2224 Lesbon,
1092 2161 1275 2243 (Nyctimene)

252 2258 317 2302 non
335 2235 444 2301 audita
460 2234 519 2301 tibi
536 2245 597 2312 est,
614 2235 754 2323 patrium
770 2246 940 2303 temerasse
956 2235 1061 2301 cubile

252 2320 483 2408 Nyctimenen?
500 2321 568 2386 avis
584 2321 639 2387 illa
655 2321 798 2406 quidem3
816 2322 873 2387 sed
889 2321 1016 2388 conscia
1033 2321 1145 2407 culpae
1208 2371 1209 2374 ,

223 2449 224 2454 κ
253 2419 458 2494 conspectum
474 2407 642 2492 lucemque
658 2408 744 2509 fugit
759 2407 961 2491 tenebrisque
977 2406 1132 2492 pudorem

185 2511 235 2562 ⁶95
253 2493 349 2571 celat,
367 2503 399 2557 et
415 2516 436 2558 a
452 2493 574 2558 cunctis
592 2493 760 2578 erpelhtur
775 2493 902 2558 aethere
917 2492 1004 2558 toto?

252 2578 328 2644 talia
344 2576 462 2644 dicenti
479 2577 565 2643 ‘tibi'
583 2578 627 2644 ait
640 2578 872 2653 frevocamina'
891 2598 1005 2643 corvus

252 2664 331 2730 ‘sint
346 2684 458 2750 precor
474 2663 535 2729 ista
551 2664 650 2729 malo:
667 2685 726 2729 nos
743 2686 862 2729 vanum
879 2663 1055 2749 spernimus
1072 2660 1185 2740 omen,’

251 2771 313 2817 nec
328 2760 476 2836 coeptum
493 2749 622 2815 dimittit
638 2750 709 2826 iter,
727 2749 917 2832 dominoque
934 2748 1089 2814 iacentem

252 2857 326 2901 cum
341 2834 457 2901 iuvene
473 2834 654 2901 Haemonio
670 2834 787 2901 vidisse
803 2832 965 2899 Coronida
981 2843 1099 2899 narrat.
1147 2843 1151 2852 '

184 2942 235 2995 too
251 2923 360 2988 laurea
376 2920 507 3007 delapsa
523 2931 573 2987 est
589 2920 697 2986 audito
716 2920 846 2987 crimine
863 2919 991 2997 amanti,

252 3017 284 3074 et
300 3006 419 3093 pariter
435 3006 606 3090 vultusque
624 3006 684 3072 deo
701 3005 919 3091 plectrumque
936 3006 1089 3088 colorque.

251 3092 377 3160 excidit.
422 3103 519 3176 utque
535 3091 660 3157 animus
676 3090 799 3156 tumida
815 3091 959 3158 fervebat
975 3091 1017 3156 ab
1033 3091 1091 3167 ira,

251 3200 340 3245 arma
357 3189 484 3244 assueta
498 3177 583 3264 capit
598 3176 781 3259 flexumque
798 3200 818 3242 a
835 3176 982 3242 cornibus
1000 3198 1109 3242 arcum

250 3264 352 3330 tendit
369 3275 402 3330 et
417 3264 472 3328 illa
488 3283 547 3329 sno
564 3260 679 3327 totiens
696 3284 770 3327 cum
787 3274 913 3349 pectore
930 3263 1037 3329 iuncta

184 3371 233 3422 cos
250 3348 424 3416 indevitato
440 3347 563 3414 traiecit
579 3357 709 3435 pectora
726 3348 799 3414 telo.

250 3435 315 3501 icta
332 3434 419 3500 dedit
436 3432 589 3521 gemitum
607 3443 770 3517 tractoque
787 3457 807 3498 a
824 3456 954 3520 corpore
971 3433 1055 3499 ferro

251 3519 387 3586 candida
403 3518 539 3605 puniceo
556 3518 696 3604 perfudit
711 3519 855 3585 membra
871 3540 982 3586 cruore

250 3616 284 3672 et
300 3604 380 3670 dixit
397 3604 500 3690 ‘potui
516 3627 635 3691 poenas
653 3604 725 3682 tibi,
742 3604 889 3678 Phoebe,
907 3604 1042 3681 dedisse,

251 3690 307 3757 sed
323 3691 483 3777 peperisse
499 3690 602 3776 priusr
620 3690 684 3755 duo
701 3710 787 3754 nunc
803 3689 975 3755 moriemur
989 3690 1023 3754 in
1040 3685 1125 3754 una’

184 3797 234 3847 610
250 3775 419 3853 hactenus,
436 3786 469 3842 et
484 3775 603 3862 pariter
619 3774 718 3840 vitam
735 3797 809 3841 cum
826 3774 981 3861 sanguine
997 3773 1091 3839 fudit.

251 3883 289 3927 oo
328 3882 367 3926 us
382 3860 476 3926 inane
493 3861 618 3927 animae
634 3860 737 3946 frigus
752 3858 847 3926 letale
863 3870 1007 3926 secutum
1024 3869 1082 3924 est

324 3945 441 4013 aenitet
457 3981 501 3993 —
517 3945 580 4010 heu
597 3967 667 4012 sero
683 3966 866 4032 -poenae
883 3944 1018 4011 crudelis
1036 3953 1205 4023 amantem,

251 4054 363 4121 seque,
380 4031 465 4117 quod
482 4030 632 4110 audierit,
649 4030 734 4116 quod
751 4030 798 4097 sic
815 4030 979 4110 exarserit,
997 4030 1077 4098 odite
