2800 4500
314 262 683 320 amruuournosuou
700 263 773 318 nm.
791 263 843 317 xr.
863 263 1007 320 rto-aaa.
1112 244 1173 316 185

152 389 290 456 dedecus
308 389 453 465 auderet,
470 386 602 474 cupiens
619 385 732 452 efferre
751 385 811 451 sub
829 409 932 464 auras,

151 498 211 542 nec
228 486 335 561 posset
350 473 482 542 reticere
500 486 621 548 tamen,
639 471 759 536 secedit
774 470 971 556 humumque
1195 489 1243 542 135

152 560 264 627 effodit
280 571 326 638 et,
345 558 464 625 domini
481 558 589 642 quales
607 556 768 643 aspexerit
783 579 886 634 aures,

152 669 230 711 voce
248 645 344 712 refert
360 667 460 731 parva
476 655 642 727 terraeque
658 642 1027 724 inmurmuratbaustae,

151 731 367 815 indiciumque
385 752 462 795 suae
479 729 566 794 vocis
583 728 695 794 tellure
713 737 838 812 regesta

153 817 272 892 obruit,
291 830 323 882 et
340 815 505 882 scrobibus
521 813 635 880 tacitus
654 813 787 878 discedit
805 813 931 899 opertis.

152 903 263 968 creber
279 900 508 967 harundinibus
526 898 668 964 tremulis
684 898 730 963 ibi
747 920 876 984 surgere
893 898 984 963 lucus
1197 918 1245 969 1oo

153 988 256 1073 coepit
273 997 319 1064 et,
336 997 373 1051 ut
389 987 527 1073 primum
543 984 639 1071 pleno
656 981 808 1048 maturuit
826 1005 919 1060 anno,

152 1072 292 1159 prodidit
368 1072 491 1138 colam.
534 1068 598 1136 leni
614 1092 689 1134 nam
708 1080 813 1133 motus
830 1069 872 1133 ab
890 1078 997 1133 austro
1020 1104 1025 1119 ι

153 1158 267 1224 obruta
283 1179 340 1222 ver
398 1156 510 1233 refert,
528 1154 712 1238 dominique
729 1152 874 1239 coarguit
890 1175 993 1218 aures.

194 1242 292 1308 Ultus
310 1242 377 1307 abit
392 1242 508 1306 Tmolo
524 1240 742 1325 liquidumque
760 1261 818 1325 per
834 1244 907 1304 atra
924 1249 1034 1304 vectus
1093 1238 1245 1320 Laomedon

152 1339 325 1415 augustum
342 1327 421 1393 citra
436 1336 570 1413 pontum
586 1325 800 1411 Nepheleidos
818 1324 929 1390 Helles
1090 1307 1245 1372 ΨΜ

152 1412 401 1479 Laomedonteis
418 1411 553 1477 Latoius
570 1411 669 1476 astitit
685 1410 779 1475 arvis.
1197 1429 1245 1479 196

153 1500 284 1565 dextera
302 1496 406 1585 Sigei,
424 1497 561 1564 Rhoetei
576 1497 669 1563 laeva
685 1495 836 1582 profundi

153 1608 208 1650 ara
224 1582 452 1670 Panomphaeo
470 1594 561 1649 vetus
578 1592 628 1648 est
644 1592 769 1647 sacrata
784 1579 933 1646 Tonanti.

152 1671 226 1736 inde
243 1692 345 1736 norae
362 1668 500 1755 primum
516 1667 620 1734 moliri
637 1667 763 1733 moenia
779 1667 896 1731 Troiae

152 1755 375 1821 Laomedonta
384 1754 492 1831 ridet,
509 1765 721 1840 susceptaque
738 1774 856 1838 magna
872 1751 982 1818 labore

154 1862 295 1907 crescere
312 1839 433 1904 difficili
450 1861 510 1905 nec
527 1861 604 1925 opes
622 1860 793 1924 exposcere
809 1859 939 1923 parvas:

153 1947 289 2010 cumque
307 1924 510 2010 tridentigero
528 1923 642 1989 tumidi
682 1922 801 1988 enitore
818 1921 969 2005 profundi
1148 1999 1151 2004 ⁴

152 2011 318 2075 mortalem
334 2009 477 2073 induitur
493 2009 643 2086 formam,
658 1945 751 2092 Thry
773 2007 886 2092 ‘aeque
904 2021 1039 2092 tyranno

154 2095 322 2160 aedificant
339 2115 461 2171 muros,
478 2093 564 2179 pacti
580 2114 638 2179 pro
655 2114 761 2157 moem
783 2114 822 2157 us
840 2113 964 2157 aurum.

155 2180 259 2245 stabat
275 2200 369 2267 opus:
387 2178 523 2265 pretium
540 2201 598 2244 rex
612 2177 780 2254 inficiatur,
798 2187 830 2242 et
846 2175 944 2255 addit,

154 2265 305 2352 perfidiae
322 2264 485 2330 cumulum
490 2311 500 2341 ‚
517 2264 606 2330 falsis
622 2263 761 2350 periuria
777 2262 892 2329 verbis.

94 2371 96 2374 ’
155 2358 233 2415 ‘non
250 2350 380 2436 impunc
398 2349 502 2426 feres,'
519 2359 623 2415 rector
638 2348 736 2413 maris
753 2348 869 2433 inquit:
888 2356 920 2414 et
936 2369 1046 2413 omncs

155 2435 320 2501 inclinavit
336 2456 435 2519 aquas
453 2435 494 2499 ad
511 2457 627 2501 avarae
642 2434 736 2500 litora
751 2434 879 2510 Troiae,

154 2523 251 2607 inque
267 2519 341 2587 freti
357 2520 493 2585 formam
509 2530 608 2586 terras
626 2519 791 2596 convertit,
809 2540 948 2605 opesque

155 2606 285 2674 abstulit
302 2605 449 2692 agricolis
465 2617 498 2671 ct
514 2605 664 2671 fluctibus
682 2605 789 2670 obruit
805 2625 910 2691 agros.

154 2716 258 2780 poena
274 2713 379 2776 neque
396 2690 475 2756 haec
493 2691 568 2756 satis
586 2700 648 2756 est:
666 2691 751 2776 regis
769 2711 897 2776 quoque
913 2689 979 2754 filia
995 2701 1136 2756 monstro

154 2779 295 2865 poscitur
311 2798 479 2860 aequoreo.
522 2797 620 2859 quam
636 2776 718 2841 dura
734 2776 776 2840 ad
793 2798 871 2840 saxa
887 2773 1061 2840 revinctam

155 2863 296 2928 vindicat
312 2862 459 2937 Alcides,
475 2861 694 2947 promissaque
710 2883 857 2938 munera,
875 2859 975 2925 dictos

179 2948 259 3013 oscit
275 2968 383 3031 equos.
427 2947 569 3030 tantique
586 2946 690 3032 operis
707 2946 853 3011 mercede
870 2956 998 3031 negata,

156 2971 207 3097 bis
223 3033 350 3118 periura
367 3032 451 3134 capit
467 3042 636 3117 superatae
652 3030 779 3096 moenia
794 3030 921 3096 Troiae.

157 3139 217 3183 nec
233 3140 307 3203 pars
324 3117 467 3194 militrae,
484 3117 653 3195 Telamon,
671 3116 740 3183 sine
757 3116 875 3182 honore
892 3115 1031 3193 recessit,

158 3203 363 3286 Hesioneque
381 3203 456 3266 data
471 3201 599 3288 potitur.
642 3224 718 3266 nam
736 3202 871 3287 coniuge
887 3201 1005 3266 Peleus

159 3289 262 3353 clarus
280 3297 347 3352 erat
365 3287 453 3352 diva:
471 3308 575 3371 neque
593 3287 645 3352 avi
661 3287 765 3374 magis
782 3288 834 3353 illc
852 3286 993 3373 superbit

159 3372 300 3450 nomine,
317 3394 415 3455 quam
433 3373 547 3438 soceri:
566 3372 593 3437 si
611 3372 739 3457 quidem
757 3372 844 3437 Iovis
861 3395 930 3439 esse
946 3371 1054 3456 nepoti

160 3456 291 3543 contigit
308 3456 393 3522 haud
411 3457 481 3535 uni,
499 3456 637 3523 coniunx
653 3458 715 3523 dea
732 3457 865 3543 contigit
880 3459 946 3522 uni.
1199 3478 1249 3527 220

201 3543 349 3626 Namque
366 3564 464 3607 senex
480 3542 609 3608 Thetidi
625 3542 778 3620 Proteus,
796 3543 884 3609 ‘dea’
903 3543 1026 3627 dixerat
1044 3542 1173 3620 ‘undae,

160 3627 300 3714 concipe.
342 3637 445 3692 mater
462 3627 523 3692 eris
540 3628 678 3705 iuvenis,
696 3629 753 3712 qui
769 3627 904 3693 fortibus
922 3628 1000 3693 actis
1143 3625 1248 3693 [rhetia

160 3725 232 3780 acta
247 3711 345 3798 patris
361 3712 468 3777 uacet
483 3712 646 3796 maiorque
662 3712 828 3778 vocabitur
844 3713 918 3777 illo!

160 3820 247 3884 ergo,
264 3820 305 3864 ne
322 3796 492 3881 quicquam
510 3799 648 3864 mundus
664 3798 743 3863 Iove
760 3797 863 3863 maius
880 3798 1022 3875 haberet,

160 3883 304 3967 quamvis
322 3881 409 3948 haud
426 3881 550 3967 tepidos
568 3884 628 3948 sub
644 3896 773 3970 pectore
790 3894 932 3948 senserat
948 3884 1049 3969 ignes,
1198 3902 1248 3953 225

159 3968 303 4055 Iuppiter
320 3988 496 4053 aequoreae
512 3967 656 4034 Thetidis
674 3968 811 4035 conubia
826 3968 911 4054 fugit

158 4054 193 4121 in
210 4075 330 4143 suaque
348 4053 513 4121 Aeaciden
530 4054 699 4126 succedere
717 4065 793 4126 vota
807 4064 957 4145 nepotem
