2800 4500
257 254 320 320 130
588 266 620 321 P.
641 265 766 322 OVIDII
783 263 946 322 NASONIS

256 391 413 468 obstruat,
431 401 464 456 at
481 390 605 456 caelum
622 401 707 456 certe
724 399 826 490 patet:
843 387 961 453 ibimus
977 387 1060 454 illac.

256 477 362 543 omnia
379 476 555 563 possideat,
572 497 636 541 non
653 473 794 561 possldet
811 480 885 540 a‘e'ra
901 473 1033 545 Minoa',

256 563 345 628 dixit
389 574 420 628 et
436 562 561 648 ignotas
579 560 720 626 animum
738 560 866 625 dimittit
881 560 915 624 in
932 571 1026 637 artes,

185 710 188 719 ,
255 660 465 731 naturamque
482 657 589 712 novat
632 669 707 710 nam
724 645 814 731 ponit
830 645 863 710 in
881 645 992 711 ordine
1008 667 1141 731 pennas,

189 753 239 803 190
257 758 277 800 a
293 734 424 798 minima
441 746 584 818 coeptas,
601 732 731 817 longam
749 730 893 797 breviore
910 729 1066 815 sequenti,

255 831 292 884 ut
309 819 391 884 clivo
408 819 544 885 crevisse
560 829 664 904 putes.
707 817 754 882 sic
770 817 889 882 rustica
905 815 1066 900 quondam

255 904 361 969 fistula
379 904 557 990 disparibus
573 903 727 989 paulatim
744 901 846 988 surgit
862 900 981 968 avenis.

256 1001 324 1055 tum
341 990 407 1054 lino
424 990 544 1055 medias
562 1000 593 1054 et
611 987 691 1054 ceris
709 988 819 1073 alligat
834 986 925 1065 imas,

256 1087 352 1159 atque
368 1074 414 1140 ita
430 1073 620 1160 compositas
636 1095 737 1160 parvo
753 1073 937 1140 curvamine
953 1071 1061 1153 flectit,

190 1179 239 1229 195
257 1171 293 1225 ut
309 1183 400 1226 veras
417 1160 557 1229 imitetur
574 1181 659 1224 aves.
702 1181 783 1244 puer
799 1158 909 1224 Icarus
926 1181 992 1224 una
1105 1172 1120 1223 ,’

256 1246 362 1312 stabat
378 1256 424 1322 et,
442 1246 571 1332 ignarus
589 1267 700 1310 suase
718 1255 853 1309 tractare
870 1244 997 1330 pericla,

256 1353 310 1397 ore
327 1331 482 1397 renidenti
499 1330 594 1395 modo
612 1352 692 1414 quas
709 1352 794 1415 vaga
810 1341 953 1395 moverat
969 1352 1057 1407 aura,

257 1417 405 1503 captabat
422 1417 561 1502 plumas,
578 1415 694 1481 flavam
711 1415 807 1481 modo
824 1416 938 1501 pollice
955 1437 1060 1482 ceram

256 1502 414 1577 mollibat,
432 1503 568 1585 lusuque
586 1523 644 1566 suo
661 1500 805 1566 mirabile
821 1501 920 1586 patris

189 1606 240 1656 too
257 1587 449 1673 impediebat
466 1608 557 1673 opus.
598 1597 767 1672 postquam
784 1608 898 1652 manus
914 1585 1027 1651 ultima
1042 1595 1153 1672 coepto

256 1673 404 1758 imposita
421 1683 484 1749 est,
501 1672 646 1757 geminas
663 1671 771 1757 opifex
788 1672 915 1737 libravit
931 1672 965 1736 in
982 1671 1049 1737 alas

256 1758 325 1843 ipse
343 1780 435 1822 suurn
453 1780 582 1843 corpus,
599 1769 749 1841 motaque
766 1758 917 1844 pependit
933 1757 967 1823 in
984 1779 1071 1823 aura.

122 1884 235 1923 aaa,
256 1843 383 1908 instruit
400 1855 431 1908 et
447 1856 573 1921 natum,
591 1842 788 1927 ‘medio’que
807 1850 857 1907 ‘ut
873 1843 972 1909 limite
990 1864 1108 1919 curras,

257 1928 367 2007 Ieare,’
386 1929 430 1993 ait
448 1935 591 1995 ‘moneor
609 1950 664 2005 ne,
683 1929 711 1993 si
729 1927 894 1993 demissior
909 1928 981 2006 ibis,

191 2034 240 2083 205
258 2015 345 2079 unda
360 2026 473 2100 gravet
489 2036 624 2100 pennas3
643 2014 670 2078 si
687 2012 810 2091 celsior,
827 2013 910 2099 ignis
927 2015 1050 2079 adurat.

256 2099 339 2165 inter
356 2111 527 2183 utrumque
543 2099 626 2164 vola.
669 2120 729 2165 nec
746 2109 778 2164 te
795 2111 938 2185 spectare
955 2101 1080 2165 Booten

257 2196 313 2250 aut
330 2185 465 2251 Helicen
482 2185 577 2252 iubeo
595 2185 802 2270 strictumque
820 2181 950 2251 Orionis
967 2207 1089 2252 ensem:

256 2294 308 2336 me
326 2272 407 2358 duce
424 2273 518 2357 carpe
536 2271 641 2336 viam'
684 2272 803 2358 pariter
819 2283 988 2357 praecepta
1004 2271 1133 2337 volandi

256 2357 353 2422 tradit
371 2369 403 2422 et
419 2356 545 2443 ignotas
562 2356 679 2422 umeris
696 2357 916 2421 accommodat
933 2358 1009 2423 alas.

190 2460 241 2511 210
258 2442 339 2507 inter
356 2463 436 2541 opus
453 2443 655 2525 monitusque
672 2464 775 2527 genae
791 2443 942 2508 maduere
959 2442 1085 2520 seniles,

258 2539 290 2592 et
306 2539 426 2612 patriae
444 2538 600 2592 tremuere
617 2549 741 2591 manus.
785 2527 872 2592 dedit
889 2529 997 2593 oscula
1013 2541 1088 2592 nato

257 2612 336 2695 (non
353 2613 468 2677 iterum
485 2612 686 2697 repetendal)
704 2633 772 2677 suo.
815 2613 993 2698 pennisque
1007 2614 1139 2679 levatus.

179 2724 232 2774 a.)
257 2709 331 2763 ante
348 2696 434 2763 volat
450 2698 620 2780 comitique
637 2698 736 2774 timet,
753 2699 839 2764 velut
857 2698 937 2775 ales,
955 2698 997 2763 ab
1014 2699 1078 2763 alto

257 2803 340 2866 quae
356 2793 497 2848 teneram
514 2784 635 2868 prolem
655 2783 805 2868 produxit
821 2783 854 2848 in
871 2789 946 2849 ae‘ra
962 2784 1051 2849 nido:

190 2885 240 2935 215
258 2868 463 2952 hortaturque
481 2868 572 2952 sequi
589 2869 821 2953 damnosasque
838 2869 942 2934 erudit
959 2882 1042 2935 artos

258 2965 290 3018 et
307 2966 412 3018 movet
429 2952 497 3039 ipse
515 2976 589 3019 suas
607 2966 638 3019 et
655 2953 722 3019 nati
739 2955 868 3040 respicit
885 2955 962 3020 alas.

257 3039 316 3103 hos
333 3038 462 3122 aliquis,
480 3040 616 3106 tremula
633 3039 712 3104 dum
723 3052 836 3125 ¹captat
851 3040 1026 3105 harundine
1043 3038 1157 3127 pisces,

258 3135 314 3189 aut
330 3136 439 3209 pastor
455 3124 569 3189 baculo
589 3125 711 3190 stivave
727 3126 855 3191 innixus
873 3140 979 3193 arator

257 3209 386 3274 vidit'et
403 3209 569 3295 obstipuit,
587 3213 706 3293 quique
723 3213 852 3275 aethera
869 3230 998 3295 carpere
1015 3221 1145 3296 possent

190 3312 241 3363 225
258 3294 391 3360 credidit
409 3317 478 3360 esse
496 3294 581 3359 deos.
626 3307 658 3359 et
674 3295 739 3358 iam
757 3294 892 3359 Iunonia
908 3295 1000 3360 laeva

257 3392 345 3466 parte
363 3378 478 3446 Sarnos
495 3380 636 3461 (fuerant
651 3378 816 3462 Delosque
833 3378 997 3463 Parosque
1013 3378 1166 3464 relictae),

259 3466 370 3531 dextra
387 3465 564 3529 Lebinthos
584 3476 652 3529 erat
669 3464 870 3547 fecundaque
887 3465 980 3530 melle
999 3462 1169 3550 Calymnet

258 3572 331 3614 cum
348 3572 428 3634 puer
445 3549 557 3615 audaci
575 3549 678 3635 coepit
694 3548 835 3635 gaudere
853 3550 960 3615 volatu

229 3695 230 3698 ,
259 3634 459 3716 deseruitque
477 3634 590 3700 ducem
608 3633 750 3717 caelique
768 3634 916 3720 cupidine
935 3647 1054 3704 tractus

191 3737 241 3790 225
259 3719 352 3783 altius
370 3720 436 3803 egit
452 3718 521 3784 iter.
563 3719 666 3804 rapidi
684 3718 800 3786 vicinia
816 3720 891 3785 solis

259 3804 360 3868 mollit
376 3805 538 3880 odoratas,
556 3827 731 3890 pennarum
749 3804 888 3881 vincula,
906 3828 1004 3872 ceras.

260 3887 427 3953 tabuerant
445 3909 549 3954 ceraez
567 3889 670 3955 nudos
687 3889 789 3973 quatit
805 3890 858 3957 ille
875 3892 1019 3969 lacertos,

260 3973 456 4057 remigioque
474 3995 585 4039 carens
601 3998 665 4039 non
682 3974 764 4039 ullas
780 3976 913 4062 percipit
930 3999 1034 4043 auras.

189 4117 195 4132 ,
262 4077 381 4141 oraque
398 4059 543 4123 caerulea
559 4060 696 4147 patrium
714 4060 882 4129 clamantia
898 4083 1015 4130 nomen
