2800 4500
315 262 680 324 METAMORPHOSEON
696 263 771 321 LIB.
789 264 840 322 XI.
859 265 987 322 52-139.
1101 250 1162 319 183

89 460 90 463 ,
139 388 263 476 perbis
282 388 422 475 quinque
440 389 506 455 dies
524 399 556 455 et
571 389 696 455 iunctas
713 388 823 454 ordine
840 399 959 455 noctes.

139 488 170 541 et
188 475 252 540 iam
271 474 433 539 stellarum
451 475 586 540 sublime
603 485 751 560 coegerat
768 497 883 560 agmen

139 560 273 626 Lucifer
289 559 491 635 undecimus,
509 560 621 645 Lydos
638 581 712 624 cum
729 560 831 625 laetus
848 560 882 624 in
899 581 992 645 agros

137 668 195 711 rex
213 645 300 710 venit
317 654 348 709 et
364 644 473 710 iuveni
491 643 635 712 Silenum
652 644 757 711 reddit
773 645 912 709 alumno.

138 731 213 796 huic
230 731 309 795 deus
328 731 459 830 optandi
476 741 617 816 gratum,
635 729 692 796 sed
709 729 835 807 inutile,
853 730 929 796 fecit

139 814 279 880 muneris
296 814 478 892 arbrtrium,
496 816 640 901 gaudens
658 816 758 880 altore
774 826 912 902 recepto.

136 901 204 975 ille,
221 899 305 963 male
322 896 439 966 us'urus
457 900 561 977 donis,
579 901 624 966 ait
641 899 762 978 ‘effice,
779 900 930 984 quicquid

113 984 462 1064 w-fflero,
479 985 603 1050 fulvum
621 996 762 1051 vertatur
777 986 811 1050 in
828 986 962 1051 aurum.'
986 1013 990 1020 ·

399 1070 607 1155 nocituraque
624 1094 758 1136 munera
774 1071 868 1136 solvit

392 1154 464 1233 luit,
481 1157 568 1240 quod
584 1178 648 1221 non
665 1156 797 1222 meliora
813 1156 953 1242 petisset

387 1240 524 1325 adetqus
540 1242 625 1307 malo
642 1241 852 1327 Berecyntius
870 1242 978 1307 heros:

383 1324 446 1391 lem
462 1327 623 1412 tangendo
641 1326 767 1412 singula
783 1337 927 1413 temptat

381 1411 498 1488 edens,
515 1431 580 1476 non
597 1412 661 1477 alta
677 1412 790 1477 fronde
808 1412 963 1478 virentem

377 1495 518 1582 virgam:
536 1497 628 1583 virga
644 1520 742 1562 aurea
759 1497 845 1562 facta
861 1509 918 1564 est.

372 1601 480 1646 axum:
499 1605 612 1647 saxum
628 1603 757 1666 quoque
773 1583 886 1668 palluit
903 1606 991 1649 auro.

369 1667 498 1731 aebam:
517 1678 665 1733 contactu
680 1667 796 1753 glaeba
813 1668 936 1754 potenti

367 1763 473 1818 rentes
491 1749 618 1818 Cereris
635 1752 793 1838 decerpsit
810 1753 935 1819 aristas:

379 1848 457 1903 erat.
501 1837 665 1923 demptum
683 1849 770 1903 tenet
787 1838 899 1904 arbore
916 1861 1062 1924 pomum:

361 1920 485 1986 lonasse
502 1933 605 2007 putes.
649 1922 677 1987 si
693 1922 837 2008 postibus
855 1924 927 1989 altis

358 2016 427 2081 tos,
446 2019 551 2091 postes
569 2006 692 2072 radiare
710 2007 866 2073 videntur.

355 2090 447 2171 luidis
463 2090 585 2176 palmas
603 2090 659 2155 ubi
675 2092 797 2157 laverat
813 2093 917 2170 undis,

358 2175 473 2260 palmis
490 2174 626 2241 Danae‘n
644 2176 772 2241 eludere
789 2188 905 2263 posset.

309 2303 310 2306 =
350 2282 368 2325 e
386 2284 459 2326 suas
477 2261 583 2327 animo
600 2262 699 2348 capit,
717 2285 814 2328 aurea
830 2263 955 2348 fingens

347 2346 450 2412 rdenti
465 2369 590 2414 mensas
608 2370 744 2433 posuere
762 2348 896 2413 ministri

345 2431 450 2516 spibus
466 2454 527 2498 neo
543 2443 644 2498 tostae
661 2433 763 2519 frugis
780 2445 920 2519 egentes.

341 2516 398 2583 live
414 2516 467 2583 ille
485 2540 544 2582 sua
562 2514 708 2583 Cerealia
725 2518 837 2583 dextra

339 2602 474 2703 digerat,
494 2599 639 2668 Cerealia
655 2604 741 2669 dona
757 2604 918 2690 rigebant:

336 2688 429 2753 avrdo
447 2688 621 2754 convellere
639 2688 734 2754 dente
751 2690 895 2775 parabat,
1095 2763 1097 2766 ¹

333 2772 392 2837 dva
408 2773 520 2859 dapes,
538 2773 665 2839 admoto
683 2774 792 2850 dente,
805 2777 983 2925 premebat.

331 2858 408 2923 ruris
426 2868 586 2924 auctorem
603 2858 804 2926 munerisun
827 2860 867 2925 is:

328 2942 417 3008 rictus
435 2966 548 3008 aurum
564 2943 688 3009 fluitare
706 2944 840 3010 videres.

328 3029 443 3094 oritate
460 3028 550 3104 mali,
568 3028 720 3113 divesque
737 3030 906 3114 miserque,

322 3123 385 3196 ptat
401 3134 492 3198 opes,
508 3123 540 3178 et
557 3133 640 3196 quae
656 3114 752 3179 modo
768 3127 913 3193 voverat,
931 3115 1007 3180 odit.

319 3219 334 3260 a
349 3197 465 3263 famem
483 3199 616 3275 relevat,
633 3198 702 3265 sitis
720 3199 810 3265 arida
825 3211 937 3285 guttur

317 3281 382 3346 viso
399 3283 529 3348 meritus
548 3294 712 3367 torquetur
728 3284 770 3350 ab
788 3308 876 3350 auro.

313 3386 379 3450 que
396 3389 510 3433 manus
527 3379 560 3433 ct
576 3369 742 3454 splendida
758 3371 908 3436 bracchia
924 3373 1037 3437 tollens

311 3474 349 3528 u,
366 3451 496 3518 Lenaee
513 3453 617 3538 paterl
635 3456 858 3539 peccavimus‚'
875 3456 978 3539 inquit

308 3558 385 3613 rere,
402 3558 524 3622 precor,
543 3539 749 3688 speciosoque
766 3541 852 3626 eripe
869 3541 1005 3606 damno)

305 3643 466 3687 onumen:
474 3622 561 3689 Baoo
583 3646 622 3689 us
638 3646 787 3710 peccasse
804 3626 956 3692 fatentem

303 3705 433 3787 actique
450 3705 512 3768 fide
530 3707 604 3771 data
620 3730 753 3773 munera
770 3709 874 3775 solvit.

299 3790 328 3856 le
346 3801 453 3876 optato
469 3813 598 3857 maneas
616 3792 810 3858 circumlitus
827 3816 915 3870 auro,

309 3877 364 3941 ‘ad
382 3876 505 3960 magnis
523 3876 660 3942 vicinum
680 3877 835 3944 Sardibus
852 3902 988 3960 amnem,

21 4003 30 4007 -
132 4023 146 4045 ι
197 4031 211 4043 ,
295 3982 378 4045 lgum
402 3962 505 4028 nitens
527 3960 708 4028 labentibus
725 3963 839 4029 obvius
856 3965 949 4031 undis

133 4066 227 4133 carpe
244 4044 343 4124 viam,
361 4046 462 4111 donec
478 4046 587 4122 venias
604 4048 646 4113 ad
662 4048 800 4113 fluminis
818 4060 915 4119 ortus.
