2800 4500
279 329 344 400 244
614 346 647 403 Ρ.
667 345 792 404 0v1u11
809 343 972 403 ussoms

210 491 260 542 380
278 493 338 537 nec
354 471 481 538 Venere
499 480 630 536 externa
648 469 776 535 socialia
793 468 923 535 foedera
938 466 1073 545 laedam,

278 558 355 622 dum
372 556 450 621 mihi
466 556 653 642 Ianigenam
671 556 843 620 servabunt
859 555 926 620 fata
944 551 1161 619 Canentem.”'

278 664 373 728 saepe
390 642 586 728 retemptatis
603 640 751 727 precibus
769 640 897 705 Titania
913 640 1032 705 frustra

278 734 379 792 “‘non
395 726 525 814 impune
542 727 635 792 feres.
678 749 718 791 ne
742 725 813 790 ue'''
832 724 877 788 ait
894 721 1061 786 “‘reddere
1080 715 1231 784 Canenti:

277 814 426 896 laesaque
444 813 521 896 quid
538 813 649 889 saciat,
667 748 745 896 quid
761 833 888 889 amans,
906 811 984 895 quid
1000 810 1134 888 semida,
1153 812 1255 876 disces

208 906 257 956 885
277 894 416 983 [rebus’'’
434 897 487 973 ait,
505 897 599 961 “‘sed
617 919 726 960 amans
745 907 777 960 et
793 897 880 960 laesa
896 906 929 959 et
940 895 1059 960 femina
1072 891 1224 980 Circe].'”

275 994 345 1048 tum
362 982 412 1047 bis
430 983 471 1048 ad
489 1004 636 1059 occasus,
669 981 719 1045 bis
736 1003 771 1047 se
788 980 944 1047 convertit
959 980 1002 1046 ad
1018 991 1121 1048 ortusz

276 1080 324 1134 ter
340 1068 488 1134 iuvenem
506 1068 619 1132 baculo
636 1066 755 1152 tetigit,
772 1067 833 1130 tria
850 1065 990 1131 carmina
1007 1066 1097 1132 dixit.

275 1154 329 1219 ille
346 1153 444 1240 fugit,
463 1153 519 1218 sed
537 1176 572 1218 se
589 1151 682 1217 solito
699 1151 840 1217 velocius
857 1153 927 1237 ipse

240 1260 242 1263 ’
277 1261 402 1305 currere
419 1238 561 1303 miratur.
603 1259 725 1323 pennas
742 1238 775 1302 in
793 1259 924 1323 corpore
941 1237 1035 1302 vidit:

208 1344 259 1394 390
277 1346 374 1407 seque
391 1345 508 1388 novam
526 1322 631 1388 subito
648 1322 752 1387 Latiis
769 1324 919 1388 accedere
937 1323 1023 1388 silvis

275 1409 458 1495 indignatus
476 1431 582 1484 avem,
601 1408 680 1473 duro
698 1407 767 1473 fera
783 1409 899 1473 robora
914 1419 1017 1473 rostro

275 1495 346 1580 figit
364 1505 394 1559 et
411 1494 509 1559 iratus
527 1494 630 1578 longis
648 1493 703 1558 dat
720 1493 852 1558 vulnera
867 1492 974 1559 ramis.

276 1602 472 1666 purpureum
489 1578 664 1663 chlamydis
681 1601 805 1664 pennae
822 1589 946 1644 traxere
963 1579 1115 1645 colorem:

276 1666 376 1729 fibula
392 1664 479 1748 quod
495 1664 601 1729 fuerat
617 1675 802 1748 vestemque
820 1664 1032 1731 momorderat
1049 1688 1172 1742 aurum,

209 1771 257 1820 395
276 1750 386 1837 pluma
402 1750 452 1828 fit,
470 1762 502 1815 et
519 1749 608 1815 fulvo
626 1751 734 1814 cervix
750 1750 966 1834 praecingitur
983 1773 1075 1817 auro:

276 1857 336 1901 nec
353 1835 524 1920 quicquam
541 1835 709 1919 antiquum
722 1834 819 1912 Pico,
837 1834 897 1900 nisi
914 1837 1057 1914 nomina,
1073 1846 1181 1903 restat.

276 1922 398 1986 interea
415 1921 560 1999 comites,
578 1922 714 1986 clamato
732 1943 827 2007 saepe
844 1943 902 2007 per
918 1943 1013 2008 agros
1098 2006 1100 2008 q

275 2007 469 2091 nequiquam
484 2006 566 2072 Pico
582 2006 735 2091 nullaque
751 2007 784 2071 in
801 2018 890 2093 parte
907 2017 1042 2093 reperto,

275 2093 441 2158 inveniunt
459 2089 575 2158 Circen
592 2129 636 2140 —
651 2115 727 2156 nam
744 2092 807 2157 iam
826 2104 1011 2158 tenuaverat
1028 2116 1121 2158 auras

207 2199 259 2248 400
276 2199 432 2266 passaque
450 2188 518 2244 erat
534 2179 668 2244 nebulas
685 2178 788 2244 ventis
806 2201 844 2244 ac
861 2178 928 2244 sole
944 2180 1064 2244 recludi
1081 2216 1126 2227 —

277 2264 524 2349 criminibusque
541 2275 690 2350 premunt
706 2265 789 2330 veris
806 2286 978 2351 regemque
996 2277 1165 2352 reposcunt

276 2351 404 2435 vimque
421 2350 527 2416 ferunt
545 2350 711 2434 saevisque
728 2353 842 2436 parant
857 2350 1014 2417 incessere
1031 2352 1113 2417 telis.

275 2435 331 2500 illa
346 2458 464 2501 nocens
481 2459 496 2501 s
519 2435 603 2537 argit
618 2435 706 2501 virus
723 2457 880 2519 sucosque
897 2437 1022 2515 veneni,

277 2532 309 2586 et
325 2520 462 2586 Noctem
478 2458 653 2604 licetrsque
671 2521 748 2586 deos
765 2520 936 2605 Ereboque
954 2520 1111 2606 Chaoque

209 2628 259 2676 405
278 2617 431 2672 convocat
448 2616 480 2671 et
495 2606 599 2690 longis
617 2607 763 2671 Hecaten
780 2607 954 2672 ululatibus
972 2619 1051 2674 orat.

277 2691 417 2757 exiluere
432 2692 503 2756 loco
521 2691 623 2774 (dictu
639 2690 798 2777 mirabile)
816 2693 924 2771 silvae,

276 2776 493 2862 ingemuitque
511 2776 628 2852 solum,
647 2777 814 2861 vicinaque
831 2779 943 2864 palluit
959 2780 1063 2856 arbor,

276 2884 449 2948 sparsaque
467 2863 648 2949 sanguineis
665 2864 856 2929 maduerunt
871 2866 990 2951 pabula
1006 2863 1117 2951 guttis,

277 2959 308 3012 et
324 2948 445 3034 lapides
462 2948 522 3013 visi
539 2948 681 3034 mugitus
699 2950 794 3015 edere
811 2972 924 3016 raucos

208 3054 260 3103 410
278 3044 310 3097 ct
325 3033 440 3098 latrare
459 3055 554 3099 canes
571 3045 604 3100 et
620 3033 737 3100 humus
754 3036 953 3121 serpentibus
970 3035 1047 3101 atris

277 3119 421 3202 squalere
439 3129 471 3184 et
487 3129 600 3185 tenues
617 3120 742 3187 animae
760 3122 891 3187 volitare
909 3122 1066 3187 silentum.

276 3203 445 3269 attonitum
463 3206 610 3270 monstris
627 3206 744 3291 vulgus
761 3218 872 3291 pavet:
890 3206 945 3271 illa
961 3205 1106 3292 paventis

275 3311 331 3354 ora
348 3300 504 3355 venenata
519 3290 624 3375 tetigit
639 3291 788 3356 mirantia
804 3292 904 3377 virga.

276 3374 367 3439 cuius
385 3375 426 3439 ab
444 3385 563 3440 attactu
581 3376 741 3441 variarum
756 3388 898 3441 monstra
914 3377 1054 3443 ferarum

207 3480 258 3528 415
277 3460 310 3524 in
327 3461 458 3526 iuvenes
477 3461 621 3526 veniunt:
639 3461 720 3526 nulli
737 3484 796 3526 sua
812 3463 929 3528 mansit
945 3464 1063 3549 imago.

276 3557 435 3631 sparserat
452 3546 603 3611 occiduus
620 3546 782 3612 Tartessia
797 3546 890 3612 litora
906 3547 1068 3626 Phoebus,
1169 3566 1309 3635 (Canas.)

275 3642 308 3696 et
323 3632 441 3696 frustra
458 3631 596 3696 coniunx
614 3632 715 3697 oculis
732 3631 902 3715 animoque
921 3631 1074 3699 Canentis

276 3727 460 3801 expectatus
479 3728 555 3782 erat.
598 3716 710 3783 famuli
728 3718 929 3803 populusque
947 3741 1004 3805 per
1021 3742 1131 3786 omnes

275 3800 456 3866 discurrunt
473 3801 568 3867 silvas
586 3812 682 3887 atque
699 3802 795 3867 obvia
810 3802 932 3869 lumina
947 3815 1084 3890 portant.
1171 3874 1178 3890 ,

208 3906 259 3956 420
275 3906 335 3949 nec
353 3887 428 3950 satis
447 3897 495 3951 est
511 3888 670 3973 nymphae
687 3888 764 3953 flere
781 3898 814 3953 et
829 3888 968 3955 lacerare
985 3890 1115 3976 capillos

277 3979 309 4033 et
326 3968 401 4034 dare
418 3970 619 4056 plangoremz
637 3973 714 4038 facit
731 3972 811 4039 haec
827 3984 933 4040 tamen
951 3977 1188 4060 omnia-seque

279 4052 413 4137 proripit
428 4076 466 4119 ac
483 4055 594 4121 Latios
612 4069 696 4123 errat
712 4080 830 4125 vesana
846 4082 905 4146 per
921 4082 1025 4145 agros.

226 4219 231 4225 ,
281 4137 440 4203 uexillum
456 4154 583 4221 noctes,
600 4143 732 4211 totidem
749 4145 914 4213 redeuntia
928 4145 1005 4218 solis
