2800 4500
10 88 12 135 l

256 231 319 308 148
459 304 463 309 ,
586 243 621 301 Ρ.
640 242 766 311 OVIDII
782 241 948 301 NASONIS

187 390 237 442 100
255 382 311 436 aut
328 392 365 435 su
389 391 428 443 er,
439 366 589 454 imposita
606 368 727 435 celatur
743 366 919 437 harundine
937 364 1099 438 damnum.
1174 387 1176 389 ’
1208 428 1210 433 ,
1271 412 1276 439 ,

255 466 288 521 11
305 465 351 532 te,
401 476 470 520 esso
487 454 592 530 ferox,
611 452 754 518 eiusdem
771 452 902 538 virginis
920 452 1014 516 ardor

254 539 435 627 perdiderat
451 539 572 605 volucri
589 538 755 604 traiectum
774 548 864 625 terga
880 537 1007 623 sagitta.

254 646 393 710 namque
410 646 495 690 nova
510 636 657 710 repetens
696 622 793 688 atrios
810 645 884 688 cum
902 623 1036 709 coniuge
1053 644 1163 689 muros

203 758 210 787 ι,
230 756 234 783 ;
254 722 385 777 venerat
401 709 507 776 Eueni
523 709 650 795 rapidas
667 646 746 774 lhve
763 719 856 774 natus
874 707 916 775 ad
932 710 1044 774 undas.

188 817 237 868 lot
256 795 383 862 uberior
399 794 503 873 solito,
520 794 636 861 nimbis
653 793 844 860 hiemalibus
862 805 974 859 auctus
1070 862 1073 866 Α

255 880 490 966 verticibusque
507 880 657 965 frequens
674 890 744 945 erat
760 891 856 964 atque
872 879 1044 965 impervius
1061 879 1173 947 amnis.

254 965 448 1052 intrepidum
464 987 524 1052 pro
540 987 590 1043 se,
608 987 719 1030 curam
735 963 777 1032 de
794 965 930 1051 coniuge
947 976 1095 1050 agentem
1221 984 1223 987 ’

254 1053 376 1119 Nessus
395 1050 475 1129 adit,
492 1051 707 1134 membrisque
724 1050 833 1116 volens
850 1050 1012 1133 scitusque
1028 1050 1194 1130 vadorum,
1275 1102 1276 1105 ,

206 1196 208 1201 .
231 1182 234 1191 .
256 1137 376 1203 ‘officio
382 1136 560 1222 ’que‘meo
577 1136 647 1224 ripa
663 1136 793 1201 sistetur
808 1137 842 1200 in
859 1135 915 1202 illa
1198 1134 1201 1141 ’

188 1244 238 1295 110
255 1222 359 1301 haec’,
377 1222 422 1287 ait
439 1221 578 1288 ‘Alcidez
596 1233 632 1287 tu
649 1220 770 1287 viribus
786 1231 877 1288 utere
893 1220 1028 1300 nand03'
1200 1286 1203 1289 ,

254 1309 489 1394 pallentemque
505 1320 592 1375 metu
609 1305 806 1390 fluviumque
823 1306 992 1392 ipsumque
1009 1306 1171 1375 timentem
1273 1344 1277 1352 ·

255 1393 385 1459 tradidit
401 1392 528 1458 Aonius
545 1391 695 1479 pavidam
714 1389 915 1477 Calydonida
931 1393 1044 1458 Nesso.

255 1501 346 1557 mox,
363 1488 400 1549 ut
416 1489 498 1556 erat,
515 1478 728 1565 pharetraque
744 1477 852 1563 gravis
870 1477 1034 1564 spolioque
1050 1478 1151 1544 leonis

228 1599 234 1640 ς
255 1563 344 1648 (nam
362 1566 485 1630 clavam
501 1575 535 1629 et
551 1584 665 1628 curvos
683 1574 771 1628 trans
787 1562 890 1649 ripam
906 1562 1035 1629 miserat
1052 1565 1161 1648 arcus)
1239 1616 1242 1622 .

189 1669 238 1719 111
257 1648 527 1734 ‘quandoquidem
544 1648 651 1736 coepi,
668 1660 857 1734 superentur
872 1648 1017 1714 tlumina'
1036 1649 1126 1727 dixit,

255 1757 316 1801 uec
333 1734 548 1813 dubitatum,
565 1734 688 1819 quasit
705 1733 968 1800 clementissimus
986 1735 1100 1813 amnis,

256 1820 393 1905 quaerit,
411 1830 444 1886 et
460 1820 614 1904 obsequio
632 1818 749 1886 deferri
765 1819 885 1905 spernit
902 1841 1085 1904 aquarum..

255 1906 383 1991 iamque
400 1916 511 1972 tenens
527 1905 643 1992 ripam,
660 1905 775 1970 missos
792 1926 866 1970 cum
882 1905 1006 1972 tolleret
1023 1928 1124 1982 arcus,

257 1990 401 2079 coniugia
417 1990 549 2079 agnovit
565 2013 689 2069 vocem,
704 1991 1013 2077 Nessoqueparauti

190 2099 240 2150 120
257 2078 367 2144 fallere
384 2076 424 2146 de
467 2076 577 2142 situm:
599 2082 679 2162 ‘quo
697 2087 729 2142 te
746 2076 877 2142 fiducia’
895 2077 1012 2142 clamat
1169 2137 1172 2144 .

257 2169 356 2228 ‘vana
372 2185 413 2250 pe
436 2185 505 2239 um,
522 2162 674 2240 violente,
691 2162 794 2246 rapit?
810 2161 882 2238 tibi,
899 2162 1001 2228 Nesse
1019 2161 1173 2240 biformis,

257 2248 406 2315 dicimuse
424 2248 557 2327 exaudi,
574 2270 634 2314 nec
651 2272 701 2314 res
720 2246 871 2334 intercipe
887 2247 1027 2314 nostrast

257 2336 284 2400 si
301 2346 333 2401 te
350 2334 439 2401 nulla
453 2334 522 2401 mei.
533 2334 711 2401 reverentia
729 2333 843 2410 movit,
861 2344 894 2399 11
911 2335 1004 2399 orbes

205 2477 210 2494 „
233 2478 237 2492 ,
257 2419 443 2486 concubitus
460 2419 573 2485 vetitos
590 2430 737 2506 poterant
753 2418 896 2485 inhibere
912 2420 1046 2505 paterni.

190 2526 239 2578 125
257 2506 343 2570 haud
360 2516 467 2572 tamen
483 2504 633 2589 effugies,
649 2505 795 2587 quamvis
812 2525 874 2590 ope
889 2504 961 2570 fidis
979 2506 1105 2588 equina.

256 2591 401 2668 vulnere,
418 2611 482 2656 non
498 2590 633 2676 pedibus
651 2600 683 2655 te
700 2589 896 2673 consequar)
939 2589 1050 2656 ultima
1067 2591 1152 2656 dicta

256 2698 291 2742 re
307 2676 422 2762 probat
437 2686 471 2742 et
486 2676 583 2741 missa
599 2675 755 2761 fugientia
771 2687 862 2761 terga
879 2676 995 2761 sagitta

256 2761 369 2827 traicit.
413 2761 542 2828 extabat
558 2761 677 2826 ferrum
695 2760 736 2826 de
751 2772 879 2847 pectore
896 2761 1066 2826 aduncum.

234 2903 237 2909 .
257 2846 343 2931 quod
360 2845 454 2911 simul
471 2847 617 2913 evulsum
634 2857 695 2923 est,
718 2846 848 2933 sanguis
868 2868 927 2932 per
943 2857 1113 2931 utrumque
1134 2846 1282 2918 foramen

190 2952 240 3003 lto
257 2931 399 3009 emicuit,
416 2933 535 2998 mixtus
551 2931 690 2998 Lernaei
708 2933 781 2998 tabe
798 2931 921 2998 veneni.

257 3017 375 3105 excipit
390 3016 476 3082 hunc
492 3017 624 3083 Nessus.
666 3023 785 3103 ‘neque
803 3018 887 3083 enim
903 3017 1074 3083 moriemur
1089 3017 1196 3083 inulti'

257 3125 367 3170 secum
384 3103 440 3181 ait,
459 3114 491 3169 et
507 3102 609 3169 calido
627 3104 785 3170 velamina
801 3102 900 3169 tincta
917 3124 1028 3170 cruore
1078 3144 1081 3148 ‚

256 3189 311 3254 dat
326 3211 442 3254 munus
458 3199 568 3275 raptae
585 3189 673 3254 velut
689 3188 851 3255 irritamen
868 3189 994 3253 amoris.

232 3311 236 3347 ;
298 3274 415 3376 Longa
427 3273 489 3339 fuit
497 3274 593 3340 medii
605 3297 695 3339 mora
708 3275 869 3375 temporis,
882 3284 1016 3358 actaque
1029 3273 1137 3360 magni
1154 3273 1282 3328 uersuta

190 3379 237 3429 115
255 3360 405 3426 Hercubs
421 3359 590 3446 implerant
605 3370 720 3437 terras,
737 3360 909 3443 odiumque
925 3381 1090 3426 novercae.
1171 3358 1252 3396 mm·

255 3447 357 3512 victor
372 3446 415 3510 ab
433 3442 588 3511 Oechalia
605 3442 735 3511 Cenaeo
752 3467 842 3510 sacra
858 3445 991 3531 parabat

256 3542 332 3597 vota
347 3530 432 3608 Iovi,
449 3552 523 3595 cum
540 3529 628 3596 fama
642 3531 762 3615 loquax
800 3530 950 3596 raecessit
965 3531 1007 3595 ad
1024 3553 1128 3609 aures,

255 3615 424 3694 Detanira‚
440 3627 527 3694 tuas,
544 3636 627 3700 quae
644 3615 728 3683 veris
745 3639 765 3681 a
787 3615 861 3681 dere
878 3615 960 3681 falsa
1049 3671 1050 3674 ,
1088 3623 1091 3628 ’

208 3763 216 3774 2
234 3763 238 3772 ,
255 3700 377 3788 gaudet
393 3711 425 3767 et
441 3722 460 3766 e
477 3701 607 3767 minimo
624 3723 683 3767 sua
698 3722 758 3787 per
773 3700 938 3767 mendacia
955 3701 1077 3781 crescit,

189 3805 240 3857 tto
256 3785 566 3935 Amphitryoniaden
581 3787 667 3854 Ioles
685 3786 797 3854 ardore
815 3787 924 3853 teneri.
1032 3816 1034 3818 >
1128 3845 1130 3850 .

257 3893 309 3938 ore
333 3869 356 3935 ‘t
372 3893 483 3936 amaus
499 3871 701 3957 Venerisque
715 3892 817 3938 novae
833 3873 999 3959 perterrita
1015 3872 1103 3939 fama

193 4019 197 4026 ,
256 3955 387 4024 indulsit
403 3955 505 4041 primo
521 3957 659 4022 lacrimis
676 3957 845 4042 flendoque
862 3958 1003 4024 dolorem

258 4038 385 4106 diffudit
400 4040 580 4108 miseranda
596 4065 699 4132 suumf
734 4065 817 4132 mox
834 4042 1060 4132 deinde‘quid
1076 4053 1183 4135 autem
