2800 4500
307 273 673 333 METAMORPHOSEON
689 271 763 329 LIB.
781 273 860 333 vm.
878 271 1023 329 eat-⁷14„
1097 256 1157 324 141

138 397 262 466 attoniti
278 398 417 475 novitate
435 409 552 485 pavent
569 397 780 480 manibusque
798 396 919 483 supinis

138 483 320 570 concipiunt
336 484 518 568 Baucisque
536 506 646 569 preces
664 482 858 566 timidusque
874 481 1044 547 Philemon

105 596 108 601 ’
138 581 171 637 et
187 569 313 635 veniam
330 569 466 656 dapibus
483 570 641 652 nullisque
659 568 822 654 paratibus
840 579 941 631 orant.

138 654 251 720 unicus
268 677 361 720 anser
378 665 459 732 erat,
477 654 627 719 minimae
644 653 789 718 custodia
805 653 910 730 villae,
1017 726 1019 729 ¹

138 761 234 823 quem
251 739 299 804 dis
317 739 494 826 hospitibus
512 738 631 804 domini
647 749 786 804 mactare
804 738 969 824 parabant.
1047 810 1050 815 ,

138 826 191 891 ille
208 826 291 891 celer
308 847 413 911 penna
430 825 537 890 tardos
555 834 658 890 aetate
675 823 791 910 fatigat

139 909 299 994 eluditque
317 910 372 977 diu
390 910 581 992 tandemque
600 920 647 975 est
665 909 753 974 visus
771 908 813 973 ad
829 909 914 994 ipsos

135 995 320 1082 ‚confugisse
338 995 424 1061 deos.
469 994 574 1081 superi
592 1005 721 1060 vetuere
738 995 857 1060 necari:

139 1080 286 1164 “di’'que
299 1086 454 1158 ·“sumus‚
470 1079 662 1164 meritasque
678 1080 746 1145 luet
761 1079 877 1144 vicinia
894 1100 1012 1164 poenas

138 1165 259 1252 impia'’
278 1164 435 1231 dixerunt.
480 1164 596 1230 “vobis
613 1165 807 1229 immunibus
825 1164 919 1229 huius

138 1273 207 1316 esse
225 1251 300 1315 mali
318 1251 453 1315 dabitur.
497 1250 592 1315 modo
609 1262 715 1316 vestra
731 1250 898 1333 relinquite
914 1261 999 1315 tecta

137 1358 175 1401 ac
192 1347 316 1401 nostros
334 1336 481 1401 comitate
497 1335 630 1420 gradus,
649 1346 681 1401 et
696 1336 731 1400 in
749 1335 849 1400 ardua
865 1335 982 1399 montis

136 1421 180 1486 ite
198 1421 322 1486 simul.'’
366 1432 477 1507 parent
497 1432 560 1489 ret
577 1421 626 1485 dis
643 1418 870 1521 praeeuntibus
889 1419 983 1483 ambo

136 1506 279 1572 membra
294 1507 403 1573 levant
419 1506 554 1582 baculis,
573 1506 718 1589 tardique
736 1505 887 1572 senilibus
904 1505 1016 1569 annis†

136 1591 281 1656 nituntur
295 1592 392 1678 longo
410 1591 544 1678 vestigia
561 1613 678 1677 ponere
696 1590 789 1657 clivo.

137 1686 261 1742 tantum
277 1677 409 1743 aberant
426 1697 560 1753 summo,
577 1688 733 1760 quantum
751 1676 849 1742 semel
866 1676 911 1741 ire
930 1676 1045 1762 sagitta

136 1760 234 1826 missa
250 1772 369 1848 potest:
386 1763 502 1828 flexere
520 1763 644 1838 oculos,
662 1773 694 1827 et
711 1785 814 1827 mersa
830 1761 947 1847 palude

137 1858 242 1913 cetera
258 1847 468 1933 prospiciunt,
486 1857 610 1912 tantum
627 1870 687 1912 sua
704 1857 788 1912 tecta
803 1869 941 1911 manere.

137 1931 277 2016 dumque
295 1954 333 1997 ea
349 1932 513 2008 mirantur,
531 1931 608 1997 dum
626 1931 743 1997 deflent
759 1931 826 1996 fata
843 1953 984 2009 suorum,

118 2016 191 2087 illa
207 2027 314 2094 vetus,
332 2015 466 2081 dominis
484 2016 580 2081 etiam
596 2038 671 2080 casa
711 2039 787 2081 arva
805 2016 930 2081 duobus

137 2101 272 2167 vertitur
286 2100 321 2166 in
337 2101 506 2187 templum
524 2101 630 2165 furcas
649 2039 774 2166 subiere
791 2103 972 2166 columnae:

137 2186 289 2252 stramina
303 2185 492 2263 flavescunt,
509 2196 683 2270 aurataque
699 2196 784 2253 tecta
799 2185 956 2263 videntur,

138 2273 340 2355 caelataeque
357 2271 458 2350 fores,
475 2272 690 2358 adopertaque
708 2295 864 2343 marmore
881 2272 985 2337 tellus.

137 2356 213 2423 talia
230 2369 299 2422 tum
316 2357 441 2444 placido
459 2355 629 2424 Saturnius
646 2357 746 2423 edidit
762 2380 830 2424 ore:

137 2442 271 2518 “dicite,
288 2441 371 2508 iuste
389 2465 500 2520 senex,
518 2454 550 2509 et
566 2443 685 2509 femina
703 2444 839 2530 coniuge
856 2444 938 2508 iusto

137 2528 248 2677 diffisa,
266 2526 344 2612 quid
361 2528 507 2613 optetis.''
551 2550 625 2595 cum
641 2529 785 2595 Baucide
802 2551 907 2630 pauca
923 2530 1047 2595 locutus

135 2613 168 2679 iu
193 2613 289 2682 'cium
306 2613 429 2699 superis
446 2613 548 2699 aperit
564 2636 733 2681 commune
749 2614 932 2681 Philemon:

136 2705 232 2764 “esse
249 2699 427 2765 sacerdotes
445 2699 640 2785 delubraque
657 2711 763 2765 vestra
779 2700 862 2766 tueri

136 2784 306 2870 poscimus.
349 2795 382 2851 et
398 2784 549 2868 quoniam
566 2785 739 2851 concordes
756 2786 880 2871 egimus
898 2808 1008 2863 annos,

102 2885 104 2888 ’
137 2869 261 2935 auferat
277 2868 356 2934 hora
373 2869 454 2935 duos
472 2870 594 2936 eadem.
637 2892 697 2936 nec
715 2871 858 2957 coniugis
876 2893 1018 2954 unquam

137 2954 232 3020 busta
248 2977 339 3020 meae
356 2954 497 3033 videam,
514 2977 577 3021 neu
594 2955 655 3020 sim
672 2955 878 3021 tumulandus
895 2956 936 3021 ab
954 2956 1039 3021 illa.”

36 3079 39 3084 -
136 3051 211 3105 vota
228 3039 306 3106 fides
324 3040 477 3124 sequitur.
521 3040 631 3127 templi
647 3041 748 3106 tutela
764 3040 864 3119 fuere,

137 3125 238 3189 donec
255 3124 321 3190 vita
338 3125 413 3190 data
429 3136 486 3191 est.
530 3125 622 3191 annis
639 3146 782 3209 aevoque
799 3127 894 3192 soluti

136 3220 210 3275 ante
226 3210 344 3295 gradus
361 3231 467 3276 sacros
485 3233 558 3276 cum
575 3221 694 3276 starent
710 3211 792 3277 forte
807 3212 932 3296 locique

135 3307 300 3361 narrarent
317 3317 424 3373 casus,
441 3296 588 3363 frondere
604 3296 795 3364 Philemona
811 3297 939 3376 Baucis,

135 3381 280 3445 Baucida
297 3382 461 3467 conspexit
478 3382 582 3449 senior
597 3381 745 3458 frondere
761 3381 940 3448 Philemon.

135 3465 262 3549 iamque
280 3488 376 3552 super
391 3466 537 3552 geminos
554 3480 715 3536 crescente
732 3468 895 3533 cacumine
912 3469 1020 3534 vultus

135 3563 260 3629 mutua,
278 3550 354 3615 dum
372 3551 475 3628 licuit,
493 3552 668 3618 reddebant
684 3553 769 3618 dicta
787 3554 981 3637 “vale’',que

136 3642 181 3700 “o
199 3635 360 3701 coniunx'’
379 3636 487 3703 dixere
504 3638 612 3714 simul,
630 3637 725 3703 simul
742 3638 850 3703 abdita
865 3638 944 3704 texit

135 3742 192 3786 ora
207 3721 323 3799 frutex.
367 3722 505 3788 ostendit
522 3723 626 3788 adhuc
643 3722 830 3799 Thimnelus
845 3716 910 3788 illic

134 3806 238 3871 incola
255 3806 295 3872 de
312 3808 440 3893 gemino
456 3807 576 3874 vicinos
594 3830 725 3894 corpore
742 3820 879 3873 truncos.

133 3890 214 3957 haec
230 3891 308 3955 mihi
324 3915 389 3959 non
406 3892 481 3958 vani
497 3891 615 3976 (neque
633 3904 711 3971 erat,
728 3915 786 3958 cur
801 3893 909 3960 fallere
928 3895 1060 3981 vellent)

133 3999 301 4042 narravere
319 4000 419 4050 senes.
463 3978 610 4061 equidem
627 3978 797 4065 pendentia
814 3979 879 4042 vidi

132 4072 218 4130 serta
234 4084 330 4149 super
345 4086 465 4140 ramos,
482 4085 667 4150 ponensque
685 4063 824 4130 recentia
841 4063 907 4144 dixi
