2800 4500
243 263 306 336 152
417 278 420 287 ’
452 280 454 284 ’
575 282 608 341 r.
628 282 753 344 ouon
769 281 934 342 ussurus

173 427 223 480 333
241 406 410 474 exercebat
426 419 526 474 atrox.
570 418 604 473 at
620 406 725 494 longis
742 407 837 473 anxia
854 407 938 473 curis

240 492 371 579 Argolis
387 492 560 572 Alcmene,
578 504 709 578 questus
726 492 782 558 ubi
798 503 897 643 ponat
913 493 1023 572 aniles,

240 578 293 644 cui
309 577 426 645 referat
441 579 508 643 nati
526 589 655 643 testatos
673 577 751 643 orbe
767 578 799 643 la
822 599 892 644 ores

240 664 332 728 cuive
349 685 424 728 suos
441 685 549 740 casus,
566 664 657 729 Iolen
673 662 779 730 habet.
823 663 972 729 Herculis
989 665 1075 730 illam

169 784 172 795 a
239 748 379 834 imperiis
396 748 598 834 thalamoque
616 748 785 832 animoque
802 759 964 835 receperat
980 750 1109 834 Hyllus,

173 852 223 903 280
240 834 448 935 impleratque
465 844 590 900 uterum
607 855 762 920 generoso
780 835 909 900 semine.
952 835 1003 900 cui
1021 834 1066 898 sic

239 919 350 1005 incrpit
367 920 537 987 Alcmenes
556 919 699 985 ‘faveant
715 919 774 983 tibi
789 920 920 985 numina
937 921 1048 985 saltem

240 1005 473 1091 corripiantque
490 1022 610 1083 moras,
629 1017 697 1070 turn
715 1027 789 1070 cum
805 1016 930 1070 matura
946 1004 1076 1071 vocabis

128 1098 143 1117 ⁸
239 1090 453 1176 praepositam
471 1090 588 1155 timidis
605 1090 801 1178 parientibus
818 1090 991 1175 Ilithyiam.

166 1196 172 1219 1
240 1196 336 1259 quam
353 1175 431 1240 mihi
449 1175 611 1242 difficilem
628 1175 760 1241 Iunonis
777 1175 880 1263 gratia
896 1176 982 1241 fecit.

173 1279 223 1329 335
240 1282 379 1344 namque
395 1260 558 1328 laboriferi
575 1283 648 1327 cum
664 1261 729 1326 iam
747 1261 860 1326 natalis
877 1262 1001 1328 adesset

240 1346 388 1412 Herculis
406 1358 438 1413 et
454 1346 612 1412 decimum
629 1357 825 1433 premeretur
842 1346 944 1413 sidere
961 1347 1099 1432 signum,

239 1431 389 1497 tendebat
405 1432 545 1518 gravitm
562 1442 689 1497 uterum
705 1431 798 1510 mihi;
816 1432 965 1517 quodque
981 1432 1135 1510 ferebam,

239 1527 364 1582 tantum
380 1528 462 1594 erat,
479 1529 516 1582 ut
532 1539 641 1603 posses
659 1528 821 1583 auctorem
838 1517 942 1583 dicere
959 1517 1033 1584 tecti
1099 1574 1101 1581 .

166 1640 170 1651 ι
202 1622 205 1627 ⁴
239 1601 388 1689 ponderis
405 1625 475 1669 esse
491 1602 612 1669 Iovem.
655 1623 716 1668 nec
731 1602 796 1668 iam
812 1604 946 1668 tolerare
963 1603 1087 1670 labores

173 1704 223 1756 330
240 1687 371 1754 ulterius
388 1698 531 1773 poteram
536 1713 546 1766 ;
556 1690 633 1773 quin
641 1711 727 1755 nunc
739 1709 866 1774 quoque
882 1687 1019 1774 frigidus
1036 1699 1133 1766 artus,

240 1772 316 1838 dum
333 1773 457 1858 loquor,
473 1774 585 1839 horror
601 1774 707 1851 habet,
725 1795 863 1859 parsque
876 1784 924 1840 est
940 1774 1121 1840 meminisse
1135 1774 1263 1843 doloris.

240 1869 361 1944 septem
378 1880 446 1960 ego.
456 1881 514 1946 per
531 1870 653 1935 noctes,
670 1859 803 1924 totidem
820 1859 960 1924 cruciata
977 1859 1101 1938 diebus,

239 1944 325 2010 fessa
340 1945 446 2022 malrs,
464 1945 659 2030 tendensque
676 1946 718 2010 ad
735 1945 859 2011 caelum
875 1944 1038 2023 bracchia,
1056 1967 1173 2033 magno

165 2058 169 2077 ι
239 2027 398 2095 Lucinam
414 2029 580 2115 Nixosque
596 2052 689 2117 pares
707 2031 844 2097 elamore
862 2030 1026 2095 vocabam.

172 2132 221 2182 333
238 2114 293 2180 illa
310 2114 439 2199 quidem
457 2116 557 2193 venit,
575 2115 632 2183 sed
648 2127 887 2203 praecorrupta,
904 2136 1074 2200 meumque

239 2221 322 2286 quae
340 2202 457 2269 donare
475 2223 513 2268 ca
535 2213 571 2268 ut
587 2201 703 2268 lunoni
720 2202 815 2270 vellet
831 2202 969 2286 iniquae.

238 2297 337 2372 utque
353 2309 441 2354 meos
458 2310 501 2353 au
524 2289 547 2352 't
563 2288 716 2374 gemitus,
734 2288 877 2354 subsedit
893 2289 927 2352 in
943 2288 998 2353 illa

240 2384 313 2440 ante
331 2372 416 2440 fores
433 2396 501 2451 ara,
519 2373 694 2457 dextroque
713 2398 732 2438 a
747 2373 867 2459 poplite
884 2374 1011 2439 laevum

165 2497 168 2504 ·
238 2480 348 2543 pressa
364 2481 464 2544 genu,
482 2459 589 2545 digitis
605 2458 688 2524 inter
705 2481 740 2524 se
756 2458 881 2545 pectine
897 2458 1022 2534 iunctis,

171 2560 221 2611 300
238 2542 387 2609 sustinuit
399 2554 522 2644 partus.
565 2543 660 2609 tacita
677 2564 804 2627 quoque
822 2545 961 2609 carmina
977 2565 1056 2610 voce

239 2628 331 2705 dixit,
350 2639 382 2694 et
397 2640 540 2715 inceptos
558 2639 727 2695 tenuerunt
745 2629 884 2695 carmina
900 2641 1020 2716 partus.

238 2714 330 2791 nitor,
344 2724 376 2780 et
392 2714 517 2801 ingrato
533 2713 616 2780 facio
634 2714 777 2780 convicia
794 2714 924 2782 demens

237 2822 320 2864 vana
337 2799 408 2865 Iovi
424 2799 580 2887 cupioque
597 2801 691 2879 mori,
709 2813 896 2885 moturaque
913 2802 1009 2868 duros

237 2885 336 2951 verba
352 2906 467 2970 queror
482 2885 596 2952 silices.
637 2897 755 2953 matres
774 2883 964 2955 Cadmeides
980 2889 1097 2954 adsunt

103 3021 109 3036 .
170 2990 219 3040 303
237 2982 374 3055 votaque
391 2970 567 3058 suscipiunt
583 2971 852 3056 exhortanturque
869 2974 1036 3039 dolentem.

236 3080 301 3121 una
317 3056 530 3122 ministrarum
547 3057 653 3124 media
669 3057 710 3123 de
726 3057 820 3143 plebe
838 3055 1017 3135 Galanthis,

236 3143 320 3207 flava
337 3163 457 3220 comas,
475 3142 598 3221 aderat,
615 3142 769 3208 faciendis
787 3154 916 3209 strenua
931 3144 1033 3222 iussis,

236 3227 350 3292 officiis
367 3227 482 3294 dilecta
498 3227 578 3305 suis3
596 3251 635 3296 ea
652 3229 751 3294 sensit
768 3227 878 3313 iniqua

165 3355 169 3364 «
235 3313 343 3379 nescio
360 3313 437 3397 quid
454 3314 577 3379 Iunone
593 3314 672 3400 geri.
717 3313 857 3399 dumque
874 3313 941 3379 exit
957 3325 989 3379 et
1005 3315 1101 3382 intrat

169 3416 219 3468 310
236 3422 331 3486 saepe
348 3399 448 3476 fores,
467 3399 573 3464 divam
589 3400 780 3465 residentem
797 3399 877 3464 vidit
893 3400 926 3465 in
943 3423 999 3465 ara

235 3483 446 3569 bracchiaque
462 3485 495 3549 in
512 3485 649 3571 genibus
666 3484 774 3571 digitis
791 3506 913 3550 conexa
929 3496 1099 3564 tenentem,

236 3580 268 3635 et
285 3577 517 3654 ‘quaecumque
535 3570 589 3646 ss,'
607 3570 652 3636 ait
668 3569 830 3635 ‘dominae
847 3581 985 3656 gratare:
1006 3573 1112 3638 levata
1129 3583 1177 3639 est

235 3655 366 3803 'iiidie
382 3656 553 3733 Alcmene,
571 3655 753 3742 potiturque
770 3678 926 3742 puerpera
941 3657 1037 3723 voto!

236 3763 254 3805 e
277 3740 286 3755 ⁰
300 3740 346 3804 uit
363 3740 549 3825 iunctasque
565 3764 678 3806 manus
719 3740 863 3808 arefacta
879 3743 1000 3808 remisit

168 3843 218 3893 313
236 3824 311 3888 diva
327 3835 439 3909 potens
456 3826 551 3891 uteris
569 3827 682 3893 vinclis
693 3764 788 3892 levor
803 3826 815 3890 i
838 3849 874 3891 sa
890 3827 1039 3893 remissis.

235 3909 365 3974 numine
382 3909 515 3995 decepto
531 3911 639 3978 risisse
656 3850 851 3978 Galanthida
867 3912 953 3978 fama
969 3923 1027 3978 est.

164 3997 166 4004 “
235 3992 391 4060 ridentem
406 4016 617 4081 prensamque
634 3998 711 4083 ipsis
729 3997 789 4063 dea
806 4020 901 4064 saeva
918 3997 1039 4083 capillis

236 4078 345 4156 traxit,
363 4088 394 4146 et
410 4089 529 4147 eterra
546 4101 660 4169 corpus
677 4082 819 4151 relevare
835 4084 993 4152 volentem
