2800 4500
228 257 270 326 86
457 291 459 295 ’
534 333 536 336 ,
562 267 595 324 Ρ.
614 267 739 326 OVIDII
755 263 918 325 NASONIS

191 472 195 479 .
225 393 371 480 Iuppiter
387 391 511 478 excepit
529 398 731 457 “‘commune
749 403 797 457 est
814 392 930 477 pignus
948 411 1091 473 onusque

226 492 302 544 nata
317 479 395 543 mihi
413 491 528 544 tecum.
572 477 629 543 sed
646 478 672 542 si
690 477 786 542 modo
803 477 931 541 nomina
947 475 1043 541 rebus

160 585 210 634 525
229 565 345 630 addere
363 586 438 629 vera
455 562 574 648 placet,
590 584 654 627 non
672 562 734 627 hoc
750 562 865 626 iniuria
882 561 1013 638 factum,

227 672 338 714 verum
355 671 444 714 amor
461 660 517 714 est.
560 669 664 732 neque
682 647 741 712 erit
757 648 849 712 nobis
866 670 965 733 gener
980 647 1033 712 ille
1052 644 1175 731 pudori,

226 747 263 799 tu
278 735 387 809 modo,
405 734 494 810 diva,
513 733 600 799 velis.
644 745 679 798 ut
698 733 802 798 desint
819 744 937 798 cetera:
955 742 1111 815 quantum
1128 741 1176 796 est

227 843 296 886 esse
312 820 399 884 Iovis
416 818 561 884 fratreml
606 819 683 902 quid
701 818 787 903 quod
803 840 868 882 non
885 829 989 883 cetera
1008 817 1132 894 desunt,

226 927 286 970 nec
303 906 387 970 cedit
403 905 463 969 nisi
482 918 565 971 sorte
582 904 680 968 mihi?
715 904 771 968 sed
789 915 878 968 tanta
895 903 1011 988 cupido

158 1011 209 1059 530
228 991 254 1054 51
271 990 329 1055 tibi
347 990 470 1055 discidii
488 1001 549 1066 est,
567 1001 689 1074 repetet
704 989 898 1074 Proserpina
916 989 1050 1066 caelum,

225 1077 297 1162 lege
314 1087 420 1141 tamen
438 1086 537 1151 certa,
555 1075 582 1139 si
599 1075 703 1139 nullos
721 1074 853 1159 contigit
869 1074 934 1139 illic

227 1184 280 1226 ore
297 1161 399 1226 cibos:
417 1184 491 1225 nam
509 1160 555 1224 sic
572 1159 749 1225 Parcarum
766 1159 894 1224 foedere
912 1169 1040 1223 cautum
1059 1158 1155 1224 est.’'’

184 1323 186 1326 .
268 1247 414 1311 Dixerat.
441 1256 473 1310 at
492 1242 603 1311 Cereri
619 1256 741 1311 certum
759 1255 808 1310 est
825 1245 960 1310 educere
976 1256 1094 1309 natam.
1127 1242 1248 1309 (Ascala-

225 1353 290 1396 non
307 1333 352 1396 ita
368 1332 436 1397 fata
453 1331 574 1408 sinunt,
592 1331 743 1415 quoniam
760 1329 879 1395 ieiunia
895 1330 987 1416 virgo
1145 1312 1232 1380 prust

158 1437 208 1485 535
227 1418 363 1482 solverat
380 1427 412 1482 et
429 1416 520 1481 cultis
538 1417 615 1480 dum
633 1417 767 1501 simplex
785 1426 869 1480 errat
885 1415 918 1479 in
935 1413 1045 1492 hortis,

226 1503 397 1588 puniceum
414 1524 512 1567 curva
529 1502 728 1586 decerpserat
744 1501 857 1566 arbore
875 1523 1015 1585 pomum,

226 1599 415 1672 sumptaque
432 1588 562 1672 pallenti
579 1598 702 1671 septem
720 1587 760 1652 de
778 1587 893 1652 cortice
911 1609 1012 1672 grana

226 1685 384 1758 presserat
401 1695 454 1738 ore
472 1695 540 1737 suo.
584 1674 734 1755 solusque
752 1695 793 1736 ex
810 1671 957 1735 omnibus
974 1670 1052 1735 illud

226 1759 428 1843 Ascalaphus
445 1758 538 1835 vidit,
556 1779 651 1841 quem
669 1757 831 1841 quondam
848 1756 963 1821 dicitur
981 1753 1125 1843 Orphne,

158 1863 209 1912 540
225 1844 308 1908 111551
324 1844 501 1908 Avernales
519 1843 606 1907 haud
622 1842 821 1928 ignotissima
838 1842 1005 1927 nymphas,

226 1952 265 1993 ex
283 1928 464 1993 Acheronte
482 1951 539 1992 suo
557 1928 659 1992 furvis
675 1927 836 2012 peperisse
854 1927 914 1992 sub
932 1926 1044 1992 antrisz

225 2014 304 2078 vidit
321 2025 352 2079 et
368 2013 484 2078 indicio
502 2015 638 2078 reditum
656 2013 793 2078 crudelis
810 2013 937 2077 ademit

225 2098 380 2185 ingemuit
397 2100 507 2184 regina
523 2098 624 2163 Erebi
640 2109 754 2164 testem
777 2120 817 2163 ue
835 2097 1001 2183 profanam

225 2185 301 2250 fecit
318 2207 410 2250 avem
428 2205 637 2270 sparsumque
655 2198 752 2270 caput
798 2182 1034 2270 hlegethontide
1051 2179 1183 2267 lympha

157 2291 206 2339 545
225 2271 258 2335 111
275 2282 412 2335 1051111111
430 2283 462 2335 55
478 2271 604 2356 plumas
622 2281 654 2336 et
670 2270 806 2355 grandia
822 2270 943 2334 lumina
960 2267 1063 2334 vertit.

223 2357 277 2421 ille
295 2356 356 2420 sibi
373 2357 497 2420 ablatus
515 2355 611 2419 fulvis
629 2355 775 2419 amicitur
791 2355 832 2419 ab
850 2355 907 2419 alis

223 2441 320 2525 inque
338 2452 434 2527 caput
451 2441 564 2506 crescit
579 2441 756 2526 longosque
773 2440 943 2505 reflectitur
959 2461 1095 2525 ungues,

225 2527 343 2609 vixque
360 2537 466 2591 movet
483 2539 575 2590 natas
592 2548 650 2611 per
665 2524 779 2590 inertia
795 2525 943 2591 bracchia
959 2525 1094 2611 pennas:

225 2612 383 2696 foedaque
400 2612 437 2676 fit
453 2611 605 2687 volucris,
623 2610 750 2676 venturi
766 2610 878 2675 nuntia
893 2611 1007 2688 luctus,

157 2716 208 2765 550
224 2698 360 2783 ignavus
377 2696 478 2773 bubo,
497 2697 601 2760 dirum
617 2695 804 2761 mortalibus
821 2717 925 2762 omen.

266 2782 332 2848 Hic
349 2798 455 2847 tamen
472 2782 589 2846 indicio
606 2803 742 2867 poenam
759 2781 932 2867 linguaque
950 2779 1050 2845 videri
1114 2793 1249 2861 (Sirena.)

225 2867 449 2933 commeruisse
466 2878 580 2953 potest.
623 2866 714 2932 vobis
719 2913 728 2943 ,
747 2865 954 2942 Acheloides,
971 2864 1057 2929 unde

224 2955 334 3039 pluma
350 2953 512 3040 pedesque
529 2952 647 3031 avium,
666 2974 740 3017 cum
757 2951 888 3037 virginis
907 2973 963 3016 ora
979 2948 1116 3036 geratis?

225 3063 267 3104 an
283 3038 374 3123 quia,
392 3061 465 3103 cum
482 3039 603 3124 legeret
619 3060 734 3103 vernos
752 3036 944 3123 Proserpina
959 3036 1064 3112 flores,

157 3144 207 3193 555
224 3125 427 3190 incomitum
443 3145 586 3201 numero,
604 3124 716 3189 doctae
736 3120 880 3199 Sirenes,
898 3121 1010 3189 eratis?

225 3231 322 3293 quam
338 3220 508 3295 postquam
525 3219 592 3273 toto
610 3208 729 3274 frustra
746 3208 913 3292 quaesistis
930 3207 963 3271 in
981 3205 1068 3283 orbe,

224 3295 384 3380 protinus,
401 3306 439 3359 ut
454 3305 593 3359 vestram
611 3294 762 3360 sentirent
780 3316 920 3377 aequora
937 3314 1056 3368 curam,

224 3401 318 3463 posse
335 3402 432 3465 super
447 3380 562 3445 fluctus
580 3379 702 3443 alarum
718 3378 864 3444 insistere
880 3378 975 3443 remis

225 3465 367 3547 optastis.
411 3464 583 3548 facilesque
602 3463 678 3528 deos
695 3463 851 3528 habuistis
869 3474 902 3529 et
918 3473 1005 3528 artus

157 3567 209 3615 500
225 3548 348 3613 vidistis
365 3560 486 3614 vestros
504 3548 617 3614 subitis
634 3549 805 3614 flavescere
823 3548 945 3633 pennis.

225 3653 265 3696 ne
283 3643 390 3697 tamen
406 3634 459 3699 ille
477 3655 574 3698 canor
591 3634 776 3699 mulcendas
793 3644 887 3698 natus
904 3632 946 3698 ad
963 3654 1057 3698 aures

225 3726 377 3799 tantaque
395 3718 452 3783 dos
469 3720 532 3783 oris
549 3719 678 3804 linguae
696 3718 883 3803 deperderet
899 3740 1005 3796 usum,

225 3799 276 3863 vir
298 3800 361 3866 'nei
378 3803 485 3867 vultus
502 3814 535 3869 et
552 3825 616 3867 vox
633 3803 774 3868 humana
791 3803 950 3868 remansit.

303 3894 317 3948 t
333 3886 456 3951 medius
473 3887 642 3971 fratrisque
659 3888 710 3952 sui
726 3900 929 3972 maestaeque
946 3887 1061 3952 sororis
1159 3959 1163 3962 ,

160 3987 209 4037 555
227 3967 371 4054 Iuppiter
388 3993 429 4035 ex
445 3992 548 4055 aequo
565 3972 745 4039 volventem
763 3972 876 4038 dividit
892 3995 1021 4038 annum.

227 4073 313 4118 nunc
331 4053 404 4132 dea,
422 4078 592 4143 regnorum
608 4081 727 4124 numen
745 4081 912 4140 commune
929 4058 1075 4139 duorum.
