2800 4500
268 235 634 296 METAMORPHOSEON
650 234 724 293 LIB.
742 234 823 291 XIII.
841 232 986 291 etl-558.
1074 214 1138 286 225

118 362 248 431 inferias
265 363 348 430 hosti
406 362 483 449 peri.
526 383 590 446 quo
607 362 711 428 ferrea
727 359 830 426 resto?
1155 370 1205 423 515

119 449 236 535 quidve
254 472 359 516 moror
394 469 458 533 quo
475 470 527 514 me
544 470 665 525 servas,
684 468 805 512 annosa
821 444 985 510 senectus?

119 556 194 620 quo,
212 535 244 600 di
261 535 419 612 crudeles,
435 532 497 599 nisi
514 554 578 617 quo
595 554 679 598 nova
695 531 808 597 funera
826 552 963 606 cernam,

119 621 263 687 vivacem
281 620 413 686 differtis
431 619 545 685 anum?
562 618 634 702 quis
673 639 743 683 osse
761 626 886 703 putaret

119 705 244 772 felicem
260 706 426 771 Priamum
443 716 514 790 post
532 704 636 768 diruta
683 725 813 788 ergama
830 699 913 764 dici?

119 789 196 856 felix
212 801 312 856 morte
330 814 388 855 sua
405 803 466 867 est,
483 811 543 855 nec
560 800 607 866 te,
625 811 697 853 mea
713 797 803 864 nata,
821 795 1016 886 peremptam

119 875 245 962 aspicit,
264 887 296 942 et
313 876 410 940 vitam
427 875 543 962 pariter
559 895 757 960 regnumque
774 870 909 954 rehquit.

119 972 166 1039 at,
206 971 272 1039 uto,
289 960 453 1027 funeribus
471 960 635 1037 dotabere,
653 958 743 1044 regia
758 957 859 1043 virgo,

119 983 335 1131 condeturque
352 1057 442 1110 tuum
458 1044 670 1110 monumentis
689 1064 803 1128 corpus
820 1040 923 1107 avitis.
1002 1114 1004 1117 ,

121 1153 185 1197 non
201 1128 280 1196 haec
298 1138 346 1192 est
362 1129 488 1192 fortuna
505 1129 628 1197 domus.
687 1128 744 1192 tibi
761 1149 894 1191 munera
909 1125 1019 1192 matris

119 1213 304 1302 contingent
320 1214 413 1280 fletus
430 1208 678 1302 peregrinaeque
694 1213 827 1278 haustus
843 1211 990 1277 harenae.

120 1300 226 1364 omnia
243 1299 446 1386 perdidimus.
488 1310 647 1386 superest,
665 1320 722 1364 our
738 1298 845 1363 vivere
860 1308 986 1382 tempus

119 1384 153 1449 iu
170 1385 266 1450 breve
284 1385 470 1464 sustineam,
486 1386 590 1471 proles
606 1383 787 1471 gratissima
802 1383 907 1459 matri,

120 1491 206 1534 nunc
219 1471 322 1545 solus,
341 1470 501 1555 quondam
518 1469 666 1534 minimus
684 1469 725 1535 de
743 1468 839 1553 stirpe
855 1466 949 1544 virili,

121 1553 178 1620 has
196 1555 288 1621 datus
305 1556 439 1621 ismario
455 1555 524 1641 regi
539 1555 720 1641 Polydorus
736 1553 770 1617 in
787 1575 868 1618 oras.

121 1640 199 1723 quid
215 1662 321 1705 moror
336 1641 457 1707 interea
473 1640 612 1706 crudelia
628 1642 762 1705 vulnera
778 1639 915 1724 lymphis

120 1725 263 1802 abluere,
280 1738 312 1792 et
329 1749 453 1812 sparsos
470 1724 583 1791 immiti
600 1726 755 1811 sanguine
771 1723 911 1789 vultusl'

120 1810 200 1876 dixit
216 1824 249 1877 et
265 1812 307 1876 ad
322 1812 397 1877 litus
413 1833 511 1898 passu
526 1810 678 1897 processit
694 1809 780 1885 anili,

119 1896 260 1963 albentes
278 1897 416 1962 lacerata
433 1918 549 1978 comas.
594 1896 696 1973 ‘date,
714 1893 871 1970 Troades,
889 1892 1016 1958 umam’

120 1980 241 2048 dixerat
258 1982 384 2059 infelix,
400 1980 536 2065 liquidas
553 1978 696 2047 hauriret
710 1994 745 2045 ut
762 1979 878 2044 undas:

119 2067 232 2153 aspicit
249 2067 385 2132 eiectum
401 2065 554 2151 Polydori
570 2065 604 2130 in
620 2065 711 2133 litore
729 2087 843 2150 corpus

119 2152 268 2235 factaque
284 2150 439 2217 Threiciis
456 2150 597 2237 ingentia
614 2152 746 2217 vulnera
762 2149 843 2216 telis.

119 2235 261 2304 Troades
279 2236 465 2303 exclamant.
504 2236 662 2302 obmutuit
678 2237 734 2302 illa
750 2237 868 2314 dolore,

119 2323 286 2409 etpariter
302 2344 397 2389 voces
413 2321 622 2407 lacrimasque
638 2321 791 2388 introrsus
809 2321 935 2386 obortas

119 2409 251 2475 devorat
266 2408 335 2494 ipse
352 2408 452 2474 dolor.
495 2407 637 2491 duroque
655 2409 814 2473 simillima
831 2428 908 2471 saxo

118 2505 223 2579 torpet
239 2506 272 2560 et
289 2494 422 2560 adversa
438 2492 509 2581 figit
525 2494 620 2559 modo
637 2494 758 2559 lumina
773 2509 867 2569 terra,

118 2579 278 2647 interdum
295 2590 402 2646 torvos
419 2579 555 2645 sustollit
572 2580 614 2645 ad
631 2579 759 2646 aethera
775 2578 893 2655 vultus,

118 2687 203 2731 nunc
219 2665 314 2752 positi
330 2675 451 2751 spectat
469 2666 606 2742 vultum,
623 2687 709 2730 nunc
726 2664 872 2740 vulnera,
890 2662 970 2728 nati:

118 2752 251 2817 vulnera
266 2750 435 2837 praecipue
440 2774 450 2827 ;
468 2771 567 2834 seque
584 2761 687 2815 armat
705 2761 737 2815 et
752 2748 879 2814 instruit
895 2748 952 2814 ira.

119 2858 184 2920 qua
201 2835 295 2901 simul
312 2835 443 2913 exarsit,
460 2847 623 2919 tamquam
640 2834 751 2919 regina
767 2843 919 2910 maneret,

118 2919 228 2987 ulcisci
245 2920 355 2987 statuit
371 2940 555 3006 poenaeque
572 2919 605 2984 in
622 2918 760 3004 imagine
778 2930 845 2983 tota
862 2930 920 2983 est
1157 2936 1208 2986 ⁶45

117 3017 217 3090 utque
233 3006 311 3071 furit
328 3007 431 3071 catulo
449 3006 584 3071 lactente
601 3004 714 3069 orbata
729 3005 851 3080 leaena,
1202 3081 1204 3088 Α

118 3092 272 3177 signaque
290 3105 383 3156 nacta
401 3091 519 3175 pedum
535 3090 687 3175 sequitur,
705 3111 800 3174 quem
816 3110 880 3153 non
898 3086 993 3164 videt,
1011 3085 1147 3153 hostem:

118 3178 164 3242 sic
181 3176 332 3253 Hecuba,
350 3187 520 3276 postquam
537 3197 609 3241 oum
626 3175 715 3240 luctu
732 3174 859 3240 miscuit
875 3173 965 3251 iram,

117 3284 181 3327 non
198 3262 297 3327 oblita
313 3283 504 3339 animorum,
522 3282 676 3326 annorum
694 3260 793 3325 oblita
810 3282 950 3336 suorum,

117 3347 206 3412 vadit
222 3347 264 3411 ad
281 3347 432 3412 artificem
450 3347 536 3412 dirae
553 3346 774 3431 Polymestora
791 3345 907 3420 caedis,
1157 3362 1208 3412 ⁶50

118 3432 373 3517 colloquiumque
390 3430 478 3516 petit
521 3455 595 3496 nam
614 3455 648 3497 se
665 3442 840 3496 monstrare
858 3431 1001 3495 relictum

117 3517 199 3582 velle
216 3518 317 3583 latens
333 3516 393 3592 illi,
411 3516 497 3600 quod
514 3527 588 3581 nato
606 3515 765 3592 redderet,
783 3538 905 3581 aurum.

118 3602 251 3668 credidit
269 3601 443 3688 Odrysius,
461 3602 661 3686 praedaeque
679 3611 824 3666 assuetus
841 3621 948 3664 amore

117 3687 151 3752 in
170 3698 290 3754 secreta
306 3685 403 3754 venit.
447 3696 515 3750 turn
533 3686 649 3751 blando
667 3685 800 3751 callidus
818 3707 872 3750 ore

117 3774 207 3840 ‘tolle
222 3794 343 3848 moras,
360 3769 517 3848 Hecuba,'
536 3771 614 3835 dixit
632 3771 688 3836 ‘da
705 3793 837 3835 munera
853 3779 939 3833 nato·
1156 3785 1207 3837 655

117 3881 211 3926 omne
228 3859 297 3923 fore
313 3857 398 3922 illius
414 3856 500 3940 quod
518 3855 589 3933 das,
607 3857 693 3941 quod
711 3865 832 3921 stante
850 3853 973 3931 dedisti,

140 3968 174 4011 er
191 3965 324 4030 superos
340 3942 428 4007 iuro.’
473 3952 594 4026 spectat
612 3940 789 4006 truculenta
804 3940 985 4023 loquentem

115 3968 260 4112 ialsaque
276 4029 447 4114 iurantem,
465 4025 648 4113 tumidaque
667 4036 831 4094 exaestuat
847 4025 904 4090 ira

167 4127 317 4180 marsala
931 4122 966 4179 15
