2800 4500
256 258 624 322 METAMORPHOSEON
639 258 714 319 LIB.
732 256 810 320 XIV.
829 259 975 318 ace-291.
1063 242 1125 314 241

105 414 162 460 nos
179 411 306 476 quoque
324 388 458 456 Circaeo
475 388 608 474 religata
625 386 658 452 in
675 386 766 453 litore
783 384 871 471 pinu,

103 475 299 563 Antiphatae
317 497 471 541 memores
488 473 741 557 inmansuetique
759 469 919 557 Cyclopis,

104 563 150 628 ire
167 562 533 647 negabamus3sedtecta
548 559 658 646 ignota
675 557 782 623 subire

105 660 188 712 sorte
206 669 315 712 sumus
332 647 415 712 lecti.
459 667 527 711 sors
544 667 596 711 me
612 644 775 727 fidumque
792 641 919 706 Politen

104 731 386 817 Eurylochumque
404 732 497 796 simul
514 729 665 814 nimiique
683 727 844 815 Elpenora
861 727 926 790 vini

105 818 218 901 bisque
234 838 350 883 novem
367 817 469 882 socios
487 814 621 883 Circaea
638 813 822 880 ad-moenia
837 812 932 877 misit.

105 924 188 986 quae
205 901 300 967 simul
317 901 479 987 attigimus
497 901 706 984 stetimusque
723 899 756 964 in
772 897 880 963 limine
898 895 982 973 tecti,

105 986 191 1052 mille
210 987 276 1072 lupi
295 988 447 1072 mixtique
464 988 548 1074 lupis
565 986 694 1069 ursique
712 985 845 1068 leaeque

105 1092 240 1136 occursu
256 1071 362 1136 fecere
378 1081 508 1135 metum.
552 1070 609 1136 sed
625 1070 714 1134 nulla
730 1068 871 1135 timenda

105 1157 255 1240 nullaque
272 1165 340 1221 erat
357 1167 464 1220 nostro
481 1155 605 1221 factura
620 1154 655 1220 iu
672 1176 803 1240 corpore
819 1153 946 1220 vulnus.

105 1240 183 1325 quin
201 1239 295 1306 etiam
313 1238 445 1305 blandas
462 1262 590 1306 movere
606 1262 665 1326 per
682 1245 757 1305 ae'ra
773 1238 891 1304 caudas

105 1337 277 1408 nostraque
294 1324 458 1390 adulantes
475 1326 628 1391 comitant
643 1324 792 1411 vestigia,
809 1324 911 1389 donec

106 1410 177 1477 exci
200 1411 269 1474 innt
286 1409 425 1475 famulae
442 1432 561 1495 perque
579 1410 658 1475 atria
674 1431 832 1475 marmore
849 1420 934 1476 tecta

107 1496 149 1561 ad
166 1433 327 1560 ‹lhminam
344 1494 473 1560 ducunt
516 1496 649 1581 pulchro
666 1495 757 1562 sedet
772 1495 828 1561 illa
844 1517 972 1562 recessu

107 1579 250 1647 sollemni
268 1579 357 1656 solio,
374 1580 555 1665 pallamque
571 1581 684 1647 induta
700 1582 854 1647 nitentem

106 1666 237 1752 insuper
254 1676 364 1730 aurato
382 1663 624 1731 circumvelatur
641 1667 769 1731 amictu.

106 1751 260 1817 Nere‘r'des
277 1750 510 1837 Nymphaeque
527 1751 620 1816 simul
625 1798 635 1830 ,
653 1773 736 1835 quae
753 1752 871 1818 vellera
887 1751 981 1817 motis

106 1837 195 1902 nulla
211 1835 340 1901 trahunt
357 1835 465 1922 digitis
481 1858 541 1903 nec
557 1836 612 1902 fila
628 1836 794 1921 sequentia
810 1837 946 1901 ducunt:

106 1920 252 2008 gramina
269 1921 441 2007 disponunt
457 1942 646 2008 sparsosque
664 1922 732 1986 sine
750 1920 860 1986 ordine
876 1921 969 1986 flores

107 2017 275 2073 secernunt
293 2006 423 2071 calathis
440 2006 607 2091 variasque
625 2006 782 2071 coloribus
800 2006 926 2071 herbas.

105 2092 190 2179 ipsa,
208 2090 294 2176 quod
312 2091 372 2156 hae
390 2091 524 2169 faciunt,
543 2113 624 2177 opus
642 2090 740 2177 exigit
746 2115 755 2167 3
773 2091 857 2177 ipsa,
875 2091 947 2174 quis
964 2113 1041 2155 usus

106 2199 212 2263 quove
230 2177 318 2242 sitin
337 2176 424 2255 folio,
441 2198 524 2261 quae
541 2177 582 2241 sit
598 2176 768 2242 concordia
785 2174 901 2254 mixtis,

106 2263 196 2329 novit
212 2275 245 2329 et
262 2263 429 2329 advertens
446 2285 561 2350 pensas
578 2262 739 2330 examinat
755 2262 880 2327 herbas.

106 2350 187 2415 haec
203 2348 259 2413 ubi
275 2370 334 2414 nos
351 2348 444 2425 vidit,
462 2348 547 2414 dicta
564 2359 758 2435 acceptaque
775 2349 886 2425 salute,

106 2433 235 2499 diffudit
252 2435 358 2500 vultus
376 2448 408 2501 et
423 2433 562 2499 reddidit
578 2435 685 2500 omina
701 2434 792 2499 votis.

106 2541 166 2584 nec
183 2540 286 2598 mora,
302 2519 428 2586 misceri
444 2518 519 2585 tosti
536 2519 624 2587 iubet
641 2520 761 2586 hordea
777 2517 869 2605 grani

106 2605 265 2688 mellaque
282 2603 409 2690 vimque
426 2604 506 2671 meri
522 2627 596 2670 cum
612 2606 694 2672 lacte
712 2606 848 2689 coagula
863 2625 970 2690 passo,

107 2689 226 2774 quique
244 2690 304 2755 sub
320 2690 381 2756 hac
397 2691 517 2756 lateant
533 2690 643 2756 furtim
660 2690 843 2767 dulcedine,
861 2712 954 2755 sucos

107 2774 213 2841 adicit.
257 2775 430 2862 accipimus
447 2798 538 2842 sacra
555 2776 630 2841 data
646 2777 762 2861 pocula
780 2775 901 2841 dextra.

107 2882 191 2945 quae
208 2859 302 2925 simul
319 2861 420 2927 arenti
437 2859 577 2927 sitientes
595 2860 759 2925 hausimus
777 2882 842 2937 ore,

107 2957 139 3012 et
158 2944 262 3030 tetigit
278 2967 418 3011 summos
436 2944 526 3031 virga
544 2946 604 3010 dea
621 2945 690 3011 dira
709 2945 850 3031 capillos,
867 2980 912 2993 -

107 3042 140 3098 et
155 3030 254 3116 pudet
272 3041 304 3096 et
320 3031 456 3097 referam
471 3065 516 3078 —
532 3030 626 3097 saetis
644 3030 825 3097 horrescere
843 3029 934 3115 coepi

106 3138 168 3182 nec
183 3115 248 3181 iam
265 3138 358 3202 posse
375 3116 476 3201 loqui,
494 3139 552 3203 pro
570 3115 675 3182 verbis
692 3116 787 3182 edere
803 3138 936 3180 raucum

106 3224 251 3266 murmur
267 3201 350 3267 etin
366 3212 482 3269 terram
499 3212 565 3267 toto
582 3200 792 3288 procumbere
809 3202 914 3266 vultu:

106 3308 206 3369 osque
223 3309 330 3352 meum
347 3286 432 3354 sensi
448 3285 554 3374 pando
571 3287 779 3353 occallescere
797 3297 909 3362 rostro,

107 3373 190 3438 colla
207 3382 328 3439 tumere
346 3372 436 3451 toris,
454 3383 486 3439 et
502 3371 677 3457 quamodo
695 3373 809 3458 pocula
825 3382 915 3458 parte

107 3467 235 3543 sumpta
251 3457 330 3522 mihi
346 3458 487 3534 fuerant,
504 3458 559 3524 illa
575 3457 711 3544 vestigia
727 3457 800 3524 feci.

108 3565 182 3607 cum
205 3566 245 3608 ue
263 3544 375 3609 eadem
391 3544 492 3630 passis
509 3542 649 3627 (tantum
665 3541 876 3608 medicamina
893 3538 1055 3627 possuntl)

107 3565 239 3692 claudor
257 3627 348 3705 hara3
366 3629 532 3713 solumque
549 3628 615 3694 suis
633 3628 773 3694 caruisse
789 3628 893 3714 figura

107 3710 245 3777 vidimus
262 3711 494 3799 Eurylochum:
512 3714 597 3779 aolus
615 3713 691 3780 data
706 3714 821 3800 pocula
838 3712 931 3799 fugit.

107 3818 191 3881 quae
208 3796 269 3862 nisi
286 3796 430 3876 vitasset,
447 3798 569 3883 pecoris
586 3821 661 3886 pars
677 3822 744 3865 una
760 3820 922 3864 manerem

107 3903 193 3948 nunc
210 3903 337 3966 quoque
354 3881 517 3968 saetigeri,
534 3905 594 3950 neo
613 3896 720 3950 tantae
737 3883 835 3950 cladis
853 3882 965 3949 abillo

107 3966 223 4034 certior
239 3967 281 4032 ad
299 3965 414 4034 Circen
431 3968 515 4032 ultor
531 3968 669 4035 venisset
685 3969 809 4036 Ulixes.

107 4051 229 4144 pacifer
246 4051 320 4119 huic
337 4053 467 4126 dederat
483 4052 593 4121 florem
612 4052 777 4142 Cyllenius
796 4054 919 4121 album:

161 4152 318 4203 aaran.
927 4152 963 4210 16
