2800 4500
250 250 313 319 100
578 264 616 322 Ῥ.
634 264 759 324 0an
776 265 939 324 NASONIS

248 400 304 454 aut
321 387 466 453 frondem
482 389 665 475 positasque
682 400 799 456 cremet
817 389 966 455 fenilibus
983 389 1107 456 herbas.

249 474 346 560 digna
363 475 492 559 quidem
510 475 622 553 facies3
640 476 696 542 sed
715 487 746 541 et
764 475 849 540 hunc
865 476 974 541 innata
990 475 1088 541 libido

184 606 186 613 ·
219 593 222 617 ι
249 559 440 637 exstimulat,
458 583 657 646 pronumque
673 584 776 647 genus
794 560 976 647 regionibus
993 561 1054 626 illis

180 665 232 714 400
247 645 282 711 in
298 646 458 712 Venerem
475 658 537 711 est:
554 647 668 732 flagrat
684 648 761 712 vitio
779 646 946 733 gentisque
963 669 1094 731 suoque.

248 730 385 816 impetus
403 742 451 797 est
467 732 526 808 illi,
544 733 695 797 comitum
713 754 913 818 corrumpere
931 755 1040 798 curam

247 817 442 901 nutricisque
458 818 568 895 fidem,
586 839 727 884 necnon
744 818 925 904 ingentibus
942 818 1043 904 ipsam

248 901 415 969 sollicitare
433 903 514 968 datis
531 913 696 986 totumque
713 902 895 988 impendere
911 926 1057 990 regnum,

249 1000 304 1053 aut
320 1011 432 1074 rapere
449 1000 482 1055 et
499 1010 595 1054 saevo
612 999 736 1074 raptam
755 988 924 1056 defendere
942 989 1039 1055 bello:

180 1093 230 1142 405
248 1085 281 1139 et
297 1074 375 1138 nihil
392 1085 454 1153 est,
472 1075 558 1159 quod
574 1096 638 1139 non
656 1075 775 1141 effreno
793 1085 904 1161 eaptus
921 1096 1028 1141 amore

249 1159 346 1237 ausit3
362 1181 422 1224 nec
440 1161 570 1246 capiunt
586 1160 724 1225 inclusas
740 1171 870 1245 pectora
885 1161 1039 1226 flammas.
1122 1240 1124 1243 Ι

158 1313 160 1316 ,
248 1245 375 1330 iamque
392 1267 496 1310 moras
514 1246 596 1310 male
613 1245 675 1312 fert
693 1246 871 1331 cupidoque
889 1246 1057 1312 revertitur
1073 1267 1128 1311 ore

248 1331 289 1395 ad
305 1331 455 1395 mandata
471 1330 616 1417 Prognes
634 1341 665 1396 et
682 1332 750 1418 agit
767 1354 825 1396 sua
842 1343 917 1396 vota
934 1332 994 1396 sub
1011 1331 1075 1396 illa.

248 1415 423 1481 facundum
439 1416 577 1482 faciebat
594 1438 696 1493 amor3
714 1416 923 1501 quotiensque
940 1416 1074 1502 rogabat

180 1522 231 1571 470
248 1502 379 1566 ulterius
396 1501 494 1578 iust0,
511 1501 661 1588 Prognen
678 1503 724 1567 ita
740 1502 822 1569 velle
838 1502 978 1568 ferebat,

246 1587 368 1651 addidit
385 1598 417 1654 et
432 1587 593 1664 lacrimas,
604 1599 768 1672 tamquam
779 1588 961 1653 mandasset
977 1599 1010 1654 et
1025 1588 1106 1653 illas.

246 1695 305 1758 pro
322 1672 443 1821 superi,
460 1684 615 1756 quantum
630 1674 921 1823 mortaliaplectora
938 1696 1051 1741 caecae

246 1758 348 1823 noctis
387 1758 496 1823 abentl
514 1759 584 1845 ipsc
601 1759 729 1824 sceleris
746 1780 798 1824 mo
812 1758 907 1824 'mine
924 1759 1046 1824 Tereus

182 1888 185 1897 ,
220 1902 221 1905 ,
247 1843 384 1908 creditur
402 1867 472 1909 esse
489 1845 560 1929 pius
576 1844 769 1929 laudemque
786 1867 806 1909 a
823 1844 952 1910 crimine
970 1844 1076 1910 sumit.
1097 1874 1099 1877 ’

178 1947 228 1996 475
246 1928 324 2012 quid
340 1930 426 2013 quod
443 1929 528 1995 idem
544 1929 724 1996 Philomela
740 1930 828 2016 cupit
843 1930 1025 2015 patriosque
1041 1929 1167 1995 lacertis

246 2015 365 2080 blanda
381 2026 491 2081 tenens
508 2037 649 2091 umeros,
666 2027 703 2080 ut
721 2027 773 2081 eat
790 2015 898 2081 visura
915 2037 1064 2093 sororem,

246 2122 367 2186 perque
384 2124 475 2166 suam
493 2113 665 2185 contraque
683 2123 774 2166 suam
791 2102 870 2186 petit
886 2101 957 2187 ipsa
973 2099 1121 2166 saluteml

245 2197 368 2273 spectat
385 2209 456 2254 eam
472 2187 594 2254 Tereus
611 2197 923 2274 praecontrectatque
942 2186 1078 2253 videndo

245 2274 421 2358 osculaque
433 2284 466 2339 et
483 2275 563 2339 collo
581 2274 776 2339 circumdata
793 2273 941 2338 bracchia
959 2295 1089 2338 remens

177 2376 228 2425 480
245 2359 352 2422 omnia
368 2381 426 2444 pro
443 2359 577 2424 stimulis
595 2359 783 2443 facibusque
801 2360 935 2442 ciboque
952 2359 1068 2424 furoris

245 2444 373 2529 accipit,
391 2456 423 2509 et
440 2445 584 2528 quotiens
601 2444 802 2529 amplectitur
818 2445 873 2509 illa
888 2455 1062 2531 parentem,

245 2551 315 2595 esse
331 2552 447 2615 parens
465 2530 573 2596 vellet:
591 2553 695 2614 neque
713 2530 798 2595 enim
815 2530 919 2595 minus
936 2529 1053 2616 impius
1071 2539 1163 2596 esset.

244 2614 381 2680 vincitur
398 2615 563 2680 ambarum
579 2616 704 2701 genitor
720 2638 825 2701 prece.
892 2616 988 2682 audet
1005 2615 1134 2702 agitque

220 2757 222 2762 s
243 2700 298 2765 illa
315 2700 398 2786 patri
414 2713 535 2787 grates,
554 2712 586 2766 et
602 2702 791 2766 successisse
808 2638 932 2767 duabus

176 2804 226 2854 485
243 2785 277 2849 id
293 2797 384 2871 putat
401 2785 526 2864 infelix,
544 2787 629 2871 quod
648 2787 707 2853 erit
722 2787 860 2874 lugubre
877 2787 1011 2853 duabus.

244 2871 308 2936 iam
325 2870 416 2936 labor
433 2872 567 2957 exiguus
585 2871 718 2937 Phoebo
735 2873 890 2950 restabat,
909 2873 1046 2957 equique

243 2956 413 3042 pulsabant
429 2958 563 3043 pedibus
582 2958 720 3043 spatium
737 2958 867 3025 declivis
885 2956 1028 3044 Olympi.

243 3044 367 3128 regales
385 3045 498 3192 epulae
515 3044 631 3109 mensis
649 3056 681 3110 et
697 3044 844 3109 Bacchus
861 3044 895 3109 in
912 3066 990 3109 auro

244 3128 384 3214 ponitur3
424 3129 476 3194 inc
493 3130 617 3215 placido
636 3130 752 3194 dantur
769 3152 827 3195 sua
845 3151 978 3215 corpora
995 3151 1115 3195 somno.

176 3233 226 3281 400
244 3225 277 3278 at
293 3236 350 3279 rex
368 3212 542 3300 Odrysius,
561 3214 706 3299 quamvis
724 3215 865 3293 secessit,
882 3216 915 3281 in
931 3216 987 3280 illa

243 3310 381 3377 aestuat3
399 3311 432 3365 et
447 3312 593 3385 repetens
610 3300 726 3367 faciem
743 3311 911 3384 motusque
928 3321 1103 3384 manusque

243 3386 350 3468 qualia
369 3386 436 3451 vult
452 3386 544 3471 fingit
561 3407 643 3469 quae
660 3386 803 3451 nondum
820 3387 913 3463 vid-it3
932 3398 963 3452 et
979 3387 1070 3473 ignes

243 3471 311 3556 ipse
329 3491 404 3535 suos
420 3473 532 3549 nutrit,
551 3494 628 3536 cura
643 3481 826 3538 removente
842 3493 999 3558 soporem.

243 3555 300 3619 lux
317 3566 397 3633 erat,
416 3567 447 3622 et
463 3557 574 3642 generi
591 3557 735 3622 dextram
752 3558 936 3643 complexus
954 3558 1057 3624 euntis

175 3659 226 3707 495
243 3639 390 3705 Pandion
409 3642 556 3707 comitem
572 3642 710 3707 lacrimis
728 3643 928 3708 commendat
945 3644 1079 3710 obortisa

244 3724 341 3789 ‘hanc
358 3747 433 3811 ego,
452 3748 524 3792 care
541 3750 649 3814 gener,
666 3728 817 3811 quoniam
834 3729 888 3813 pia
905 3751 1002 3795 causa
1018 3726 1133 3814 coegit,

244 3820 277 3875 et
292 3810 420 3876 voluere
437 3812 563 3889 ambae,
582 3813 710 3878 voluisti
727 3824 762 3878 tu
778 3834 922 3897 quoque,
940 3815 1056 3891 Tereu,

245 3894 285 3957 do
304 3894 371 3958 tibi.
415 3918 534 3981 perque
551 3899 648 3964 fidem
665 3910 864 3985 cognataque
881 3910 1009 3985 pectora
1026 3900 1171 3986 supplex,

243 4001 301 4065 per
319 4001 449 4079 superos
467 4002 536 4060 ore,
577 3984 656 4049 atrio
673 3996 710 4070 ut
727 3986 843 4050 tuearis
862 4006 978 4063 amore,

175 4083 227 4135 500
244 4075 277 4130 et
293 4062 371 4127 mihr
387 4064 537 4133 sollicitae
553 4005 690 4137 linimen
707 4070 801 4138 dulce
816 4080 963 4154 senectae
