2800 4500
272 273 641 338 uernuoaruosnon
657 274 731 334 ure.
749 274 813 334 xv.
832 273 977 335 aaran.
1075 258 1138 331 273

116 404 149 470 in
166 404 320 507 templum
337 404 435 507 gladii
440 428 449 482 3
467 425 571 488 neque
589 401 673 469 enim
689 402 779 468 locus
796 401 880 467 ullus
897 402 931 466 in
947 400 1026 468 urbe

117 491 158 555 ad
175 492 299 556 facinus
317 491 480 574 diramque
496 491 615 576 plaeet,
633 489 693 554 nisi
711 488 812 565 ouria,
831 488 970 553 eaedem.

116 586 184 641 tum
202 598 278 641 vero
297 573 457 662 Cytherea
474 599 570 640 manu
587 575 742 661 percussit
758 586 894 657 utraque

117 672 227 746 peetus
245 672 277 726 et
294 662 470 728 Aeneaden
486 661 614 726 molitur
631 659 767 725 condere
784 659 880 736 nube,

116 768 180 830 qua
196 747 284 831 prius
301 747 417 813 infesto
433 746 527 811 Paris
544 757 593 811 est
610 755 736 831 ereptus
753 744 898 820 Atridae,

116 842 149 896 et
165 831 360 898 Diomedeos
377 833 507 897 Aeneas
524 831 651 916 fugerat
668 853 770 896 enses.

116 917 233 982 talibus
250 918 333 982 hano
349 917 488 1003 genitor:
507 917 589 982 ‘sola
606 915 818 1000 insuperabile
836 914 948 991 fatum,

116 1014 201 1080 nata,
219 1025 346 1070 movere
363 1003 476 1087 paras?
492 1001 590 1067 intres
607 1001 680 1066 lieet
697 1001 768 1086 ipsa
785 1021 928 1064 sororum

115 1097 199 1152 teota
216 1088 326 1153 trium:
345 1110 454 1153 cernes
471 1086 536 1151 illio
552 1086 715 1151 molimine
731 1095 822 1150 vasto

116 1194 157 1237 ex
174 1195 247 1238 aere
265 1184 297 1239 et
314 1171 414 1238 solido
431 1194 537 1237 rerum
555 1171 712 1237 tabularia
728 1171 823 1247 ferm,

116 1279 199 1342 quae
215 1281 320 1343 neque
338 1279 527 1323 oonoursum
544 1258 623 1323 caeli
640 1279 745 1340 neque
763 1255 904 1320 fulminis
921 1257 1001 1321 iram

115 1364 175 1407 neo
191 1353 338 1409 metuunt
354 1342 435 1408 ullas
452 1353 522 1409 tuta
539 1355 634 1426 atque
653 1354 782 1407 aeterua
797 1340 915 1406 ruinas.

115 1427 257 1493 invenies
274 1428 339 1493 illio
355 1427 456 1493 ineisa
473 1428 641 1494 adamante
658 1426 791 1513 perenni

115 1511 182 1576 fata
198 1513 245 1576 tui
261 1514 397 1599 generis.
440 1513 505 1599 legi
521 1512 589 1599 ipse
607 1513 776 1596 animoque
794 1510 903 1576 notavi

115 1608 148 1662 et
164 1597 314 1675 referam,
332 1622 373 1664 ne
390 1599 433 1663 sis
451 1599 624 1664 etiamnum
641 1597 652 1662 i
698 1621 754 1663 ara
770 1596 881 1662 futuri,

115 1681 168 1747 hio
185 1706 244 1747 sua
261 1705 331 1748 eom
354 1683 446 1761 levit,
463 1705 521 1769 pro
539 1705 614 1768 quo,
662 1683 808 1769 ytherea‚
825 1682 964 1761 laboras,

115 1777 179 1832 tem
203 1790 258 1834 ora
274 1706 438 1854 perlectis,
456 1791 537 1852 quos
554 1780 656 1835 terrae
674 1768 800 1845 debuit,
818 1769 918 1834 annis.

115 1863 150 1916 ut
189 1876 246 1918 eus
264 1855 393 1920 nonedat
410 1856 499 1919 eaelo
516 1854 706 1940 templisque
723 1854 855 1930 colatur,

115 1947 151 2000 tu
168 1938 266 2003 facies
283 1950 440 2021 natusque
458 1962 549 2003 suus:
567 1939 623 2022 qui
639 1937 776 2002 nominis
794 1937 885 2003 heres

113 2021 296 2107 impositum
313 2024 395 2088 feret
410 2045 494 2088 unus
511 2045 606 2100 onus,
623 2023 772 2107 caesique
789 2023 928 2108 parentis

114 2128 172 2171 nos
189 2107 222 2171 in
240 2107 324 2172 bella
341 2130 416 2173 suos
432 2106 622 2173 fortissimus
638 2108 722 2172 ultor
739 2107 877 2172 habebit.

115 2190 199 2257 illius
218 2192 365 2278 auspiciis
383 2191 531 2259 obsessae
548 2192 675 2259 moenia
691 2215 805 2279 paoem

115 2278 199 2342 vieta
215 2289 325 2363 petent
341 2278 503 2356 Mutinae,
520 2278 687 2344 Pharsalia
705 2280 819 2344 sentiet
835 2279 935 2356 illurn,

115 2362 328 2447 Emathiaque
345 2364 460 2430 iterum
477 2363 648 2429 madefient
665 2364 762 2429 caede
779 2363 932 2450 Philippi,

115 2461 147 2513 et
163 2449 324 2534 Magnum
341 2448 457 2516 Siculis
475 2471 592 2514 nomen
608 2449 810 2535 superabitur
826 2450 931 2527 undis,

114 2533 315 2617 Romanique
333 2534 424 2600 <lueis
441 2535 580 2600 ooniunx
596 2535 760 2619 Aegyptia
777 2535 889 2599 taedae

114 2639 178 2682 non
196 2618 277 2684 bene
295 2619 354 2684 fisa
370 2620 477 2684 oadet:
494 2620 675 2703 frustraque
693 2619 751 2685 erit
767 2619 822 2684 illa
839 2620 968 2697 minata,

114 2703 269 2769 servitura
286 2727 343 2769 suo
362 2702 522 2790 Capitolia
537 2715 645 2769 nostra
663 2702 807 2790 Canopo.

136 2788 192 2852 uid
209 2789 268 2853 tibi
284 2789 465 2854 barbariam
482 2800 656 2875 gentesque
674 2789 716 2854 ab
733 2802 868 2873 utroque
885 2789 1024 2855 iacentes
1072 2862 1076 2869 ,

150 2894 247 2938 oeano
265 2876 448 2939 numerem?
473 2874 696 2959 quodcumque
713 2873 886 2939 habitabile
903 2876 997 2940 tellus

116 2958 263 3035 sustinet,
281 2957 377 3024 huius
394 2960 466 3024 erit:
484 2970 601 3045 pontus
619 2980 747 3043 quoque
764 2959 879 3025 serviet
896 2960 951 3024 illi.

114 3065 193 3144 paee
212 3043 286 3108 data
303 3045 393 3109 terris
412 3044 553 3109 animum
571 3044 612 3108 ad
630 3045 734 3110 civilia
751 3056 852 3112 vertet

114 3151 184 3193 rura
202 3151 295 3193 suum
312 3130 463 3216 legesque
480 3130 562 3195 feret
577 3129 768 3196 iustissimus
787 3140 911 3195 auotorr

115 3214 323 3298 exemploque
341 3236 399 3279 suo
416 3237 520 3281 mores
537 3226 640 3300 reget,
658 3215 755 3299 inque
772 3215 871 3280 futuri

114 3298 264 3383 temporis
282 3310 419 3365 aetatem
436 3310 704 3383 venturorumque
720 3312 872 3384 nepotum

114 3382 308 3469 prospiciens
326 3384 446 3470 prolem
463 3395 574 3451 saneta
591 3385 631 3450 de
649 3384 785 3471 eoniuge
801 3396 909 3450 natam

114 3469 198 3534 ferre
215 3469 309 3533 simul
326 3490 506 3553 nomenque
524 3493 617 3535 suum
635 3492 790 3555 aurasque
807 3470 944 3550 iubebit3

113 3575 174 3618 neo
189 3552 251 3617 nisi
268 3576 342 3619 oum
360 3555 464 3620 senior
479 3555 590 3640 Pylios
608 3556 792 3639 aequaverit
810 3577 921 3634 annos,

114 3638 270 3703 aetherias
289 3639 380 3704 sedes
397 3652 596 3725 cognataque
614 3640 719 3705 sidera
735 3651 854 3727 tanget.

114 3722 197 3788 hano
213 3723 353 3788 animam
369 3722 490 3789 interea
507 3747 598 3790 caeso
616 3724 656 3789 de
674 3747 805 3811 eorpore
822 3737 946 3812 raptam

113 3806 167 3872 fao
183 3807 285 3884 iubar,
303 3818 339 3872 ut
355 3830 480 3894 semper
497 3806 657 3896 Capitolia
673 3825 781 3875 nostra
797 3811 981 3896 Forumque

115 3890 208 3955 dirus
226 3892 267 3956 ab
285 3893 410 3958 exoelsa
426 3906 606 3978 prospectet
622 3895 724 3960 Iulius
742 3896 841 3961 aede’

156 3974 222 4040 Vix
241 3977 479 4053 salmurensi,
498 3980 693 4044 medianum
712 3981 786 4046 sede
805 3993 934 4046 senatus

114 4060 254 4125 constitit
271 4062 354 4126 alma
370 4063 482 4129 Venus
498 4063 576 4127 nulli
595 4065 754 4134 oernenda
771 4067 882 4150 suique

165 4159 316 4208 usnemu
934 4167 969 4223 18
