2800 4500
236 275 605 334 METAMORPHOSEON
621 277 695 333 LIB.
712 277 748 335 V.
761 279 906 336 611-4678.
925 280 974 338 VI.
987 281 1080 338 1-16.
1130 265 1172 334 89

150 399 233 465 dona
250 400 319 467 fero
338 398 478 479 Cereris,
496 402 577 467 latos
594 422 676 485 quae
694 424 804 488 sparsa
820 426 878 490 per
895 402 989 489 agros
1037 429 1045 446 -’
1159 478 1163 486 ,
1190 420 1240 474 656

149 486 321 636 frugiferas
337 508 457 552 messes
474 487 685 571 alimentaque
702 488 792 553 mitia
808 488 983 554 reddant.'”

149 571 209 637 bar
231 593 305 637 arus
321 571 448 649 invidit,
464 571 607 656 tantique
624 583 660 637 ut
676 574 816 639 muneris
834 584 943 640 auctor

149 657 218 744 ipse
236 656 290 734 sit,
308 656 445 742 hospitio
461 657 575 744 recipit
591 679 765 742 somnoque
782 670 951 746 gravatum

150 743 336 829 aggreditur
351 743 446 808 ferro.
489 753 656 808 conantem
672 743 771 830 figere
788 755 900 831 pectus

149 829 245 913 lynca
263 824 361 893 Ceres
379 828 468 905 fecit,
485 849 658 911 rursusque
675 852 733 915 per
750 836 824 895 a'e'ra
839 830 930 895 iussit
1140 863 1146 877 ⁴
1189 851 1240 901 666

149 913 357 1000 Mopsopium
366 914 521 986 ‚iuvenem
539 935 645 979 sacros
662 916 783 1014 agitare
800 915 953 1002 iugales.”

192 999 335 1064 Finierat
344 1000 452 1064 doctos
469 1021 488 1064 e
504 998 597 1064 nobis
614 1022 754 1064 maxrma
771 1013 893 1066 cantus.
1089 999 1204 1054 Pltrfflffl
1215 1007 1240 1052 2¹

150 1096 184 1150 at
200 1085 360 1171 nymphae
377 1085 491 1150 vicisse
508 1085 583 1150 deas
599 1086 759 1150 Helicona
776 1086 914 1153 colentes
1115 1069 1218 1122 Mme·

151 1170 299 1236 concordi
316 1169 424 1235 dixere
441 1191 530 1235 sono.
574 1170 718 1235 convicia
734 1172 837 1237 victae

150 1278 223 1321 oum
241 1256 392 1331 facerent,
411 1255 610 1339 “quoniam’'
628 1255 709 1321 dixit
726 1257 922 1323 “certamine
939 1257 1030 1322 vobis
1190 1276 1239 1326 666

150 1340 341 1443 supplicium
358 1341 511 1407 meruisse
527 1363 640 1427 parum
657 1353 721 1420 666,
738 1343 969 1426 maledictaque
987 1344 1099 1429 culpae

150 1427 281 1503 additis,
299 1437 331 1491 et
347 1447 411 1491 non
428 1439 477 1491 est
491 1426 645 1512 patientia
660 1428 762 1494 libera
777 1428 883 1494 nobis:

149 1512 266 1576 ibimus
283 1510 317 1575 in
333 1532 454 1597 poenas
471 1524 517 1590 66,
536 1533 600 1596 666
615 1524 710 1578 vocat
726 1513 788 1590 ira,
806 1512 1005 1598 sequemur.''

149 1597 255 1663 rident
271 1596 459 1662 Emathides
477 1609 692 1684 spernuntque
710 1599 846 1664 minacia
862 1598 973 1664 verba:

150 1693 345 1766 conataeque
361 1682 449 1765 loqui
465 1695 498 1748 et
513 1705 632 1770 magno
649 1685 786 1749 clamore
802 1696 966 1770 protervas
1189 1703 1239 1754 cto

149 1768 305 1834 intentare
321 1782 448 1845 manus,
466 1791 588 1854 pennas
606 1769 692 1835 exire
709 1792 767 1855 per
782 1792 908 1854 ungues

150 1875 303 1940 aspexere
320 1875 409 1930 suos,
427 1853 543 1940 operiri
560 1854 709 1918 bracchia
725 1855 857 1939 plumis:

150 1942 312 2022 alteraque
329 1938 457 2003 alterius
475 1938 578 2024 rigido
596 1960 798 2005 concrescere
814 1952 916 2005 rostro

150 2047 206 2089 ora
223 2024 323 2101 videt,
340 2023 547 2108 volucresque
564 2045 664 2089 novas
680 2025 831 2090 accedere
849 2025 945 2089 silvis.

150 2110 291 2194 dumque
308 2109 419 2173 volunt
435 2109 558 2195 plangi,
576 2131 634 2195 per
650 2110 797 2174 bracchia
814 2121 900 2175 mota
916 2113 1040 2177 levatae
1188 2131 1238 2181 676

150 2201 223 2261 aere
240 2194 435 2281 pendebant,
451 2216 617 2261 nemorum
635 2194 792 2275 convicia,
809 2196 910 2282 picae.

149 2302 236 2345 nunc
253 2301 379 2364 quoque
395 2280 429 2345 in
446 2281 573 2346 alitibus
590 2281 740 2347 facundia
756 2282 861 2367 prisca
876 2283 1027 2348 remansit

150 2387 310 2450 raucaque
326 2365 495 2452 garrulitas
512 2367 716 2452 studiumque
732 2367 870 2434 immane
886 2368 1057 2453 loquendt‘

514 2636 631 2692 LIBER
647 2636 803 2697 SEXTUS.

148 2792 347 2858 Praebuerat
363 2791 456 2858 dictis
473 2793 616 2859 Tritonia
634 2795 750 2860 talibus
768 2818 871 2873 aures,
1108 2798 1238 2852 Pallenes

150 2878 353 2961 carminaque
370 2878 534 2943 Aonidum
551 2880 731 2965 iustamque
747 2882 938 2966 probaverat
953 2881 1043 2948 iram.
1109 2867 1238 2920 Arachne.

149 2974 218 3028 tum
235 2983 343 3029 secum
361 2964 505 3030 ‘laudare
523 2987 636 3050 parum
653 2976 715 3031 est:
734 2966 900 3031 laudemur
916 2978 949 3032 et
964 2967 1063 3054 ipsae,

149 3049 281 3112 numina
297 3070 356 3112 nec
374 3049 479 3134 sperni
497 3050 565 3115 sine
581 3072 684 3136 poena
700 3063 808 3116 nostra
824 3052 984 3129 sinamus,’

149 3133 382 3217 Maeoniaeque
398 3134 539 3199 animum
556 3136 629 3200 fatis
646 3136 782 3202 intendit
798 3137 975 3215 Arachnes,
1188 3159 1203 3209 5

150 3239 247 3302 quam
264 3217 326 3282 sibi
342 3218 485 3285 lanificae
501 3242 565 3286 non
584 3221 695 3287 cedere
712 3221 859 3286 laudibus
877 3223 952 3286 artis

150 3303 303 3368 audierat.
346 3325 411 3368 non
427 3305 482 3370 illa
498 3306 570 3372 loco
585 3328 688 3390 neque
707 3309 753 3371 ori
777 3309 827 3373 ‘ne
845 3307 950 3395 gentis

151 3389 249 3465 clara,
267 3387 324 3453 sed
342 3400 408 3453 arte
425 3389 495 3453 finit
538 3401 628 3477 pater
645 3392 719 3456 huic
768 3392 956 3477 olophonius
973 3394 1088 3458 Idmon

148 3472 310 3538 Phocaico
326 3473 452 3537 bibulas
468 3475 634 3561 tinguebat
650 3475 770 3541 murice
787 3478 886 3541 lanas.
985 3519 987 3522 v

150 3557 309 3623 occiderat
325 3568 439 3622 mater:
458 3561 514 3625 sed
531 3572 562 3626 et
580 3561 658 3627 haec
676 3562 716 3626 de
733 3562 826 3647 plebe
844 3584 965 3646 suoque
1189 3586 1221 3635 10

150 3665 253 3727 aequa
269 3643 337 3708 viro
355 3644 468 3708 fuerat.
511 3644 623 3730 Lydas
640 3658 747 3711 tamen
763 3647 818 3711 illa
834 3670 892 3733 per
908 3648 1004 3715 urbes

148 3728 327 3813 quaesierat
343 3728 448 3794 studio
464 3745 581 3795 nomen
598 3733 817 3809 memorabile,
834 3734 979 3816 quamvis

149 3825 219 3878 orta
236 3814 330 3879 domo
346 3835 446 3899 parva
462 3816 569 3899 parvis
585 3816 748 3882 habitabat
765 3818 943 3903 Hypaepis.

149 3898 244 3964 huius
261 3910 298 3964 ut
314 3899 491 3984 aspicerent
508 3921 588 3986 opus
606 3902 806 3977 admirabile,
825 3926 920 3989 saepe

149 3984 317 4050 deseruere
334 3985 384 4048 sui
400 3984 560 4071 nymphae
578 3988 684 4052 vineta
700 3988 828 4063 Timoli,

149 4070 318 4140 deseruere
334 4091 409 4138 suas
426 4071 586 4162 nymphae
602 4072 784 4143 Pactolides
801 4073 914 4143 undas.
