2800 4500
325 253 692 314 nrannnonrflosuon
708 257 781 313 nra.
799 258 880 312 mn.
899 257 1044 313 ase-470.
1118 243 1182 311 223

143 374 285 467 inferias
303 378 428 463 inopes,
446 379 566 444 crinem
582 379 793 464 lacrimasque
810 380 946 463 reliquit.

199 464 275 539 Est,
292 463 348 528 ubi
366 463 464 528 Troia
480 463 555 541 fuit,
573 463 735 550 Phrygiae
754 466 910 530 contraria
926 466 1019 532 tellus

156 548 309 613 Bistoniis
325 549 468 615 habitata
485 549 570 614 viris.
613 548 842 635 Polymestoris
859 550 923 616 illic

156 634 245 719 regia
261 634 351 699 dives
369 645 450 712 erat,
470 635 521 700 cui
538 645 571 699 te
589 635 745 698 commisit
763 634 913 701 alendum

156 719 252 795 clam,
270 718 444 805 Polydoro,
461 731 560 805 pater,
577 718 794 805 Phrygiisque
810 720 945 786 removit
961 720 1003 786 ab
1021 723 1130 790 armis:

156 804 323 869 consilium
340 804 480 889 sapiens,
499 804 625 870 sceleris
642 806 704 870 nisi
721 805 863 892 praemia
879 828 1013 892 magnas

156 889 323 954 adiecisset
340 911 431 975 opes,
450 890 548 954 animi
564 890 727 955 irritamen
744 891 841 956 avari.

156 986 193 1039 ut
210 975 322 1040 cecidit
338 975 467 1040 fortuna
482 974 664 1061 Phrygum,
683 976 770 1062 capit
785 976 828 1040 im
852 976 901 1042 ius
919 999 1028 1043 ensem

155 1082 213 1125 rex
230 1060 391 1125 Thracum
409 1060 582 1144 iuguloque
601 1061 650 1126 sui
667 1061 794 1127 demisit
843 1063 945 1127 umni:

155 1155 188 1210 et
205 1156 369 1228 tamquam
386 1145 453 1209 tolli
470 1168 544 1210 cum
561 1168 691 1231 corpore
710 1147 842 1212 crimina
858 1159 997 1233 possent,

155 1231 334 1295 exanimem
352 1229 482 1315 scopulo
500 1231 658 1296 subiectas
675 1232 762 1298 misit
778 1232 811 1297 iu
829 1232 941 1298 undas.

113 1297 246 1380 slitore
263 1315 411 1380 Threicio
429 1315 563 1381 classem
578 1317 728 1403 religarat
744 1318 887 1395 Atrides,

156 1400 232 1464 dum
250 1423 338 1466 mare
354 1411 526 1484 pacatum,¹
536 1401 613 1466 dum
630 1413 744 1468 ventus
762 1401 893 1469 amicior
909 1413 1001 1471 esset.

155 1485 208 1550 hic
225 1485 340 1562 subito,
358 1496 496 1568 quantus
514 1508 587 1551 cum
604 1487 726 1553 viveret
743 1511 812 1555 esse
830 1488 963 1566 solebat,

156 1570 222 1635 exit
239 1569 336 1635 humo
352 1570 416 1636 late
433 1582 528 1656 rupta
546 1573 719 1656 similisque
736 1573 870 1638 minanti

155 1655 305 1741 temporis
322 1655 406 1720 illius
423 1656 547 1722 vultum
565 1659 723 1724 referebat
739 1660 894 1738 Achilles,

156 1763 221 1824 quo
239 1741 326 1806 ferus
343 1741 495 1806 iniustum
511 1739 603 1825 petiit
623 1742 869 1823 Agamemnona
885 1742 980 1811 ferro.

155 1827 368 1892 ‘immemores
374 1826 446 1910 'que
463 1827 541 1891 ‘mei
557 1826 738 1904 disceditis,’
755 1827 874 1912 inquit,
893 1826 1040 1892 ‘Achivi’

154 1912 332 1995 obrutaque
349 1922 398 1978 est
414 1932 540 1977 meeum
557 1912 682 1977 virtutu
699 1913 803 1997 gratia
819 1914 966 1978 nostrae?

154 2019 195 2062 ne
212 1996 322 2062 facitei
340 2007 439 2081 utque
456 2019 563 2062 meum
580 2019 645 2062 non
662 1996 704 2062 sit
720 1998 788 2062 sine
806 1997 924 2062 honore
942 1997 1133 2083 sepulerum,

154 2083 258 2166 placet
276 2081 438 2147 Achilleos
455 2092 593 2148 mactata
607 2081 776 2167 Polyxena
792 2082 929 2148 Manes!

155 2167 245 2231 dixit.
289 2179 335 2244 et,
351 2166 465 2232 immiti
483 2167 575 2232 sociis
592 2167 777 2254 parentibus
794 2168 937 2245 umbrae,

152 2264 247 2338 rapta
264 2253 335 2318 sinu
353 2253 477 2330 matris,
495 2275 593 2338 quam
608 2254 672 2319 iam
690 2275 789 2340 prope
807 2254 875 2320 sola
891 2253 1031 2333 fovebat,

131 2408 138 2426 Ι
155 2337 245 2401 fortis
262 2350 294 2403 et
310 2338 421 2404 infelix
439 2351 471 2404 et
488 2339 560 2424 plus
577 2360 675 2424 quam
691 2340 811 2405 femina
828 2341 919 2427 virgo

156 2422 283 2487 ducitur
299 2424 341 2487 ad
357 2426 515 2489 tumulum
533 2424 664 2509 diroque
681 2426 718 2490 fit
733 2425 837 2491 hostia
853 2426 958 2491 busto.

155 2529 239 2593 quae
256 2510 464 2595 memetipsa
482 2510 546 2587 sui,
564 2521 734 2595 postquam
752 2511 933 2577 crudelibus
951 2510 1013 2577 aris

155 2594 284 2659 admota
300 2606 348 2659 est
366 2595 526 2678 sensitque
544 2595 605 2660 sibi
621 2596 689 2661 iera
707 2618 797 2661 sacra
813 2597 928 2682 parari,

155 2691 254 2781 utque
271 2679 516 2781 Neoptolemum
534 2682 870 2781 stantemferrumque
887 2693 1048 2748 tenentem

153 2765 933 2936 tte{blllllggllttdffibae

155 2936 257 3000 ‘nulla
274 2957 363 3000 mora
379 2947 442 3001 est:
460 2936 511 3000 vel
529 2947 564 3000 tu
581 2936 691 3020 iugulo
709 2937 760 3001 vel
777 2948 905 3022 pectore
922 2938 1021 3003 telum

154 3021 256 3086 conde
273 3019 374 3087 meol’
391 3021 600 3107 iugulumque
617 3021 712 3086 simul
729 3034 902 3106 pectusque
919 3024 1042 3089 retexit.

157 3105 290 3171 ‘scilicet
307 3105 393 3170 haud
409 3108 467 3172 ulli
483 3106 600 3172 servire
616 3106 784 3192 Polyxena
801 3106 932 3185 ferrem3

156 3190 243 3255 haud
260 3213 317 3276 per
333 3191 397 3257 tale
413 3214 538 3258 sacrum
555 3215 679 3271 numenv
691 3192 858 3278 placabitis
875 3193 986 3258 ullum.

155 3297 241 3340 mors
259 3286 381 3341 tantum
399 3277 514 3343 vellem
531 3288 665 3343 matrem
681 3300 755 3343 mea
771 3278 880 3344 fallere
897 3290 1013 3363 posset.

155 3371 257 3427 mater
273 3361 363 3426 obest
381 3362 556 3446 minuitque
573 3363 660 3428 necis
677 3362 756 3427 mihi
772 3364 901 3449 gaudia.
944 3366 1089 3449 quamvis

154 3467 219 3511 non
237 3468 308 3512 mea
325 3468 410 3512 mors
426 3447 486 3525 illi,
504 3471 614 3514 verum
632 3471 691 3513 sua
709 3448 775 3513 vita
791 3448 954 3514 tremenda
971 3462 1029 3515 est.

154 3553 211 3596 vos
229 3532 334 3609 modo,
352 3554 393 3597 ne
411 3531 541 3619 Stygios
559 3534 672 3598 adeam
689 3555 753 3598 non
770 3533 871 3599 libera
887 3534 1013 3613 Manes,

154 3616 197 3681 ite
214 3617 341 3702 procul,
359 3616 387 3681 si
403 3616 486 3682 iusta
502 3630 586 3704 peto,
604 3629 755 3702 tactuque
772 3619 879 3683 viriles

154 3702 297 3787 virgineo
315 3713 474 3769 removete
491 3726 615 3768 manus.
659 3703 817 3789 acceptior
833 3703 888 3781 illi,

153 3787 296 3870 quisquis
313 3786 340 3852 is
359 3799 420 3862 cst,
439 3808 533 3871 quem
551 3789 648 3854 caede
665 3811 738 3853 mea
754 3789 880 3874 placare
898 3790 1025 3875 paratis,

152 3872 234 3937 liber
250 3873 310 3938 erit
326 3872 466 3959 sanguis.
509 3873 535 3938 si
553 3895 632 3957 quos
650 3885 757 3939 tamen
775 3875 886 3939 ultima
902 3877 1001 3942 nostri

153 3956 251 4022 verba
268 3968 397 4025 movent
415 3957 477 4023 oris
496 3954 630 4032 (Priami
647 3981 705 4025 vos
723 3960 788 4024 filia
805 3961 899 4045 regis,

58 4113 62 4120 ,
151 4063 216 4109 non
234 4043 360 4133 captiva
377 4052 491 4133 rogat),
501 4043 654 4133 genetrici
672 4067 787 4133 corpus
804 4044 980 4135 inemptum
