2800 4500
878 152 886 194 l
1108 156 1115 190 t

298 259 665 319 unrauonenosnou
681 260 756 316 nna.
774 260 827 316 xr.
845 261 999 351 neser„
1082 244 1158 313 ‘195
1269 122 1313 378 h

8 374 13 390 ¹
132 410 197 474 pax
215 385 326 464 animi,
343 407 440 470 quem
457 407 534 450 cura
551 384 649 470 fugit,
668 383 723 468 qui
739 404 873 470 corpora
890 383 977 448 duris

132 475 218 538 fessa
234 471 414 537 ministeriis
431 471 551 536 mulces
569 490 760 555 reparasque
777 468 892 533 laboril
1175 490 1207 539 62

134 557 281 637 Somnia,
300 579 382 641 quae
399 579 491 620 veras
508 566 646 639 aequent
661 554 836 620 imitamine
853 554 982 630 formas,

133 644 294 709 Herculea
310 641 467 720 Trachine
484 641 559 706 iube
575 640 636 705 sub
652 639 792 725 imagine
809 640 893 726 regis

134 730 303 814 Alcyonen
321 727 437 795 adeant
454 726 684 809 simulacraque
701 725 861 811 naufrago
875 725 1008 811 fingant.

134 815 269 899 imperat
284 813 345 880 hoo
362 811 465 877 Iun’o!
508 824 678 897 postquam
695 810 845 875 mandata
861 811 995 896 peregit,

63 915 66 920 ’
133 899 194 963 Iris
212 898 293 964 abia
310 920 414 983 neque
432 899 517 963 enim
533 896 665 961 ulterius
682 896 816 961 tolerare
834 896 961 981 vaporis
1175 916 1227 967 630

133 986 199 1049 vim
214 995 353 1069 poterat,
370 983 498 1073 labique
515 993 552 1046 ut
569 1003 715 1046 somnum
733 981 830 1046 sensit
846 981 879 1045 in
896 991 995 1058 artus,

133 1070 247 1155 effugit
264 1081 296 1135 et
311 1079 432 1135 remeat
449 1090 506 1154 per
523 1088 603 1151 quos
619 1067 715 1132 modo
733 1077 863 1132 venerat
879 1087 982 1131 arcus.

74 1129 115 1295 >
138 1218 159 1232 ,,
175 1154 222 1219 At
239 1165 330 1240 pater
347 1177 364 1219 e
383 1153 500 1239 populo
517 1164 664 1216 natorum
680 1151 767 1216 mille
785 1173 915 1216 suorum

134 1240 251 1306 excitat
269 1239 420 1304 artificem
437 1238 716 1327 simulatoremque
733 1237 855 1323 figurae
1227 1287 1234 1297 .
1270 1216 1285 1315 l,

134 1326 302 1426 Morphea.
345 1345 410 1388 non
427 1324 481 1388 illo
498 1324 667 1406 quisquam
684 1322 840 1388 sollertius
858 1323 938 1387 alter
1175 1341 1225 1392 635

25 1439 28 1446 ·
134 1410 281 1510 exprrmit
297 1409 439 1474 incessus
457 1409 642 1492 vultumque
660 1429 837 1492 sonumque
853 1408 1019 1492 loquendi3

134 1495 230 1560 adicit
247 1507 279 1560 et
296 1505 400 1559 vestes
418 1503 450 1560 et
466 1493 707 1559 consuetissima
724 1494 839 1577 cuique

133 1581 241 1646 verba.
285 1579 341 1647 sed
358 1579 411 1644 hic
428 1579 511 1645 solos
528 1579 671 1643 homines
688 1578 844 1643 imitaturr
862 1591 895 1644 at
912 1580 992 1645 alter

133 1666 169 1730 fit
185 1665 268 1743 fera,
285 1666 321 1730 lit
338 1665 543 1741 volucris,.lit
558 1665 656 1749 longo
673 1685 804 1750 corpore
822 1687 961 1750 serpens.

133 1751 219 1816 hunc
234 1749 343 1816 Icelon
361 1751 482 1836 superi,
500 1751 632 1815 mortale
649 1749 833 1815 Phobetora
849 1750 965 1835 vulgus
1176 1771 1226 1821 oto

133 1836 284 1901 nominat.
328 1848 376 1901 est
393 1836 489 1901 etiam
506 1836 650 1900 diversae
667 1834 778 1900 tertius
795 1835 871 1900 artis
974 1903 976 1907 ,
1200 1858 1205 1866 ’

132 1921 327 1987 Phantasos:
344 1921 398 1985 ille
414 1920 448 1985 in
464 1920 599 1984 humum
617 1940 792 2003 saxumque
810 1920 992 2002 undamque
1010 1921 1207 2007 trabemque,

133 2028 279 2091 quaeque
296 2016 412 2070 vacant
429 2005 549 2081 anima,
567 2004 723 2068 fallaciter
740 2006 847 2069 omnia
863 2006 985 2069 transit.

133 2091 263 2176 regibus
279 2090 314 2155 hi
331 2089 529 2173 ducibusque
547 2110 621 2154 suos
639 2088 804 2154 ostendere
822 2090 928 2154 vultus

133 2186 226 2241 nocte
245 2175 361 2253 solent,
378 2175 514 2261 populos
531 2174 584 2239 alii
600 2173 791 2261 plebemque
807 2185 979 2261 pererrant.
1177 2197 1225 2246 645

156 2260 284 2326 raeterit
300 2260 359 2325 hos
377 2261 482 2325 senior
499 2261 684 2345 cunctisque
702 2282 721 2326 e
737 2260 887 2326 fratribus
905 2284 1005 2326 unum
1242 2272 1248 2292 ²

133 2285 306 2432 lllorpbea,
323 2346 379 2431 qui
395 2358 528 2432 peragat
544 2345 797 2411 Thaumantidos
816 2347 914 2422 edita,
934 2345 1073 2413 Somnus

135 2432 233 2517 eligit.
277 2444 309 2498 et
326 2454 436 2496 rursus
453 2431 712 2517 molli-languore
730 2432 851 2497 solutus
915 2487 919 2493 .

134 2517 342 2603 deposuitque
360 2528 457 2601 caput
474 2528 635 2601 stratoque
651 2517 829 2595 recondidit
845 2518 924 2582 alto,

133 2604 186 2670 ille
203 2603 290 2668 volat
306 2603 410 2670 nullos
428 2601 577 2687 strepitus
593 2603 784 2668 facientibus
802 2602 861 2668 alis

133 2711 191 2775 per
208 2688 368 2765 tenebras,
385 2689 530 2771 intraque
548 2709 655 2754 morae
673 2688 769 2754 breve
786 2699 912 2775 tempus
929 2689 962 2753 in
981 2691 1094 2755 urbem

133 2774 278 2875 pervenit
294 2773 508 2838 Haemoniam
525 2773 699 2859 positisque
716 2796 735 2839 e
753 2794 883 2859 corpore
901 2776 1014 2859 pennis

41 2884 42 2887 ¹
134 2883 167 2923 m
185 2858 300 2923 faciem
318 2856 434 2943 Ceycis
452 2857 532 2935 abit3
550 2869 739 2943 sumptaque
757 2858 861 2943 figura

133 2944 271 3018 luridus,
289 2965 427 3008 exammr
444 2945 568 3020 srmrlrs,
587 2943 654 3008 sine
672 2943 813 3008 vestibus
830 2944 903 3009 ullis

135 3028 279 3115 coniugis
296 3040 369 3094 ante
386 3040 491 3093 torum
507 3028 642 3094 miserae
659 3028 755 3093 stetit.
799 3030 864 3093 uda
880 3030 1005 3095 videtur

134 3113 235 3178 barba
252 3113 326 3191 viri,
343 3113 541 3196 madidisque
558 3112 665 3199 gravis
683 3113 781 3180 fluere
798 3114 885 3179 unda
901 3117 1033 3200 capillis.

134 3211 203 3263 tum
220 3199 301 3263 lecto
317 3198 519 3276 incumbens,
535 3199 612 3264 fletu
629 3221 726 3285 super
742 3222 798 3264 ora
813 3200 954 3286 profuso,

134 3283 214 3349 haec
231 3283 289 3348 ait:
308 3284 468 3369 ‘agnoscis
486 3282 609 3369 Ceyca,
627 3285 802 3349 miserrima
819 3281 976 3351 coniunx?

135 3393 177 3434 an
194 3391 266 3434 mea
282 3381 404 3432 mutata
420 3380 469 3435 est
485 3370 582 3435 facies
599 3370 696 3436 nece?
713 3371 849 3455 respice!
867 3382 979 3437 nosces

134 3454 339 3536 inveniesque
357 3466 412 3518 tuo
430 3475 487 3539 pro
505 3456 641 3540 coniuge
658 3456 802 3541 coniugis
819 3457 975 3522 umbram.

135 3539 181 3604 nil
197 3540 280 3624 opis,
298 3539 457 3622 Alcyone,
475 3540 566 3604 nobis
584 3550 639 3606 tua
656 3552 731 3606 vota
747 3541 901 3618 tulerunt3

135 3625 323 3689 occidimus:
340 3623 422 3687 falso
439 3623 497 3687 tibi
513 3647 564 3690 me
581 3626 763 3711 promittere
780 3626 855 3690 noli.

135 3709 263 3774 nubilus
281 3710 414 3794 Aegaeo
431 3708 597 3793 deprendit
613 3712 648 3775 in
664 3730 802 3796 aequore
819 3735 933 3778 navem

135 3805 242 3859 auster
259 3805 290 3859 et
307 3791 429 3879 ingenti
446 3792 594 3859 iactatam
610 3796 737 3862 flamine
755 3797 862 3861 solvit:

136 3900 254 3963 oraque
271 3889 393 3955 nostra,
411 3890 502 3943 tuum
519 3878 637 3945 frustra
654 3882 823 3946 clamantia
839 3904 966 3961 nomen,

133 3964 304 4049 implerunt
320 3964 444 4030 fluctus.
487 3986 551 4029 non
568 3965 648 4043 haec
665 3967 723 4031 tibi
739 3968 864 4031 nuntiat
882 3979 992 4033 auctor

133 4049 302 4139 ambiguus
307 4096 317 4128 ,
335 4071 399 4116 non
416 4050 477 4119 ista
494 4050 584 4138 vagis
602 4052 781 4118 rumoribus
799 4053 905 4119 audis:

936 4154 987 4211 13·
