2800 4500
301 286 1005 353 rfflTAMORPHOSEONLIB.x11.tao-217.
1045 274 1049 279 ’
1101 272 1164 347 203

142 417 281 485 incoluit.
326 440 452 504 quoque
469 419 502 484 id
520 419 635 483 mirum
651 417 755 504 magis
773 429 855 484 esset
871 417 905 482 in
921 418 986 495 illo,

142 504 260 570 femina
277 517 371 570 natus
388 505 477 571 erat!
520 504 653 569 monstri
669 504 809 569 novitate
824 515 992 568 moventur
1184 521 1232 571 175

142 590 286 674 quisquis
303 591 407 667 adest,
425 602 593 673 narretque
610 600 734 675 rogant.
777 610 858 672 quos
874 589 956 653 inter
972 587 1130 653 Achilles:

142 675 209 739 ‘dic
226 699 286 761 age
303 675 393 757 (nam
410 676 531 741 cunctis
549 675 661 740 eadem
678 686 727 740 est
744 674 853 740 audire
870 672 1042 758 voluntas),

142 782 162 824 o
180 760 317 826 facunde
335 784 447 839 senex,
465 760 535 827 aevi
551 760 721 846 prudentia
737 760 846 837 nostri,

143 846 215 930 quis
232 846 328 911 fuerit
345 844 506 922 Caeneus,
524 845 631 911 curin
648 845 806 910 contraria
822 868 947 911 versus:

142 953 207 1015 qua
223 931 281 996 tihi
298 932 424 1009 militia,
442 932 533 996 cuius
550 930 722 996 certamine
739 952 866 1016 pugnae

143 1017 303 1102 cognitus,
321 1040 341 1081 a
359 1039 422 1100 quo
440 1017 481 1082 sit
498 1017 616 1094 victus,
634 1016 661 1081 si
678 1017 781 1081 victus
799 1017 841 1081 ab
858 1017 923 1080 ullo
941 1013 1010 1081 est'

142 1112 211 1166 tum
229 1102 346 1167 senior:
365 1102 523 1186 ‘quamvis
541 1102 645 1169 obstet
661 1100 739 1166 mihi
757 1101 848 1165 tarda
865 1112 1016 1178 vetustas,

143 1189 307 1271 multaque
323 1210 376 1253 me
393 1187 519 1273 fugiant
535 1187 644 1273 primis
662 1197 804 1273 spectata
821 1186 881 1251 sub
899 1186 1000 1265 annis,

141 1274 234 1358 plura
251 1285 357 1337 tamen
374 1273 513 1338 memini.
554 1286 717 1356 hecquae
734 1272 837 1358 magis
855 1272 983 1337 haereat
1002 1271 1069 1336 ulla
1178 1279 1179 1283 ’

141 1369 269 1444 pectore
287 1381 337 1423 res
354 1368 463 1423 nostro
480 1369 528 1423 est
545 1357 627 1422 inter
644 1358 782 1441 bellique
800 1357 949 1441 domique

142 1455 213 1508 acta
230 1453 287 1508 tot.
330 1464 368 1508 ac
385 1445 412 1508 si
430 1464 525 1527 quem
541 1443 645 1529 potuit
662 1443 800 1528 spatiosa
817 1455 962 1509 senectus

142 1540 352 1614 spectatorem
369 1550 502 1614 operum
519 1529 691 1593 multorum
709 1528 855 1594 reddere:
873 1528 940 1592 vixi

142 1635 242 1679 annos
260 1614 309 1678 his
327 1625 454 1679 centum
459 1638 469 1691 3
486 1637 573 1679 nunc
590 1613 682 1678 tertia
698 1613 817 1678 vivitur
834 1624 931 1679 aetas.

143 1700 228 1764 clara
245 1700 359 1765 decore
376 1699 438 1764 fuit
453 1700 558 1785 proles
576 1697 702 1764 Elateia
720 1695 847 1774 Caenis,

142 1784 365 1850 Thessalidum
382 1784 473 1870 virgo
489 1785 716 1870 pulcherrima,
733 1804 854 1869 perque
870 1783 1064 1870 propinquas
1185 1807 1235 1857 100

141 1891 261 1955 perque
279 1881 350 1934 tuas
367 1869 462 1935 urbes
478 1905 524 1917 -
540 1869 598 1934 tibi
615 1869 699 1934 enim
717 1870 892 1953 popularis,
910 1871 1048 1947 Achille,
1063 1906 1108 1917 -
1162 1882 1164 1885 ’

142 1957 314 2020 multorum
331 1954 449 2018 frustra
465 1955 547 2017 votis
565 1964 674 2038 optata
690 1974 868 2038 procorum.

142 2049 326 2125 temptasset
342 2038 460 2103 Peleus
477 2038 632 2101 thalamos
649 2058 776 2121 qnoque
793 2037 924 2102 forsitan
941 2038 1026 2117 illos3

143 2124 200 2191 sed
216 2124 281 2188 iam
298 2134 354 2188 aut
369 2123 567 2208 contigerant
583 2122 629 2187 illi
646 2123 784 2187 conubia
799 2123 919 2201 matris,

144 2219 199 2275 aut
215 2208 342 2274 fuerant
358 2207 527 2294 promissa,
544 2218 628 2274 tuae.
671 2228 732 2273 nec
749 2205 866 2273 Caenis
884 2208 918 2273 in
934 2208 1017 2274 ullos

143 2295 292 2379 denupsit
309 2294 478 2371 thalamos,
496 2304 680 2378 secretaque
696 2293 790 2360 litora
805 2315 937 2379 carpens

144 2380 292 2464 aequorei
308 2380 374 2444 vim
390 2401 486 2464 passa
502 2379 554 2445 dei
571 2391 619 2445 000
624 2403 634 2457 3
651 2379 698 2444 ita
713 2378 801 2444 fama
816 2379 949 2444 ferebat.

143 2479 241 2550 utque
258 2486 359 2530 novae
376 2465 511 2532 Veneris
528 2464 695 2567 Neptunus
713 2464 832 2551 gandia
849 2466 942 2550 oepit,

143 2552 233 2616 “sint
248 2561 305 2615 tua
321 2561 397 2615 vota
412 2550 508 2616 licet”
527 2550 607 2615 dix1t
624 2556 762 2615 “secura
777 2551 937 2637 repulsae:

144 2638 240 2723 elige,
258 2636 336 2721 quid
351 2636 501 2715 „voveas”
543 2637 656 2701 eadem
672 2636 735 2702 hoc
750 2657 878 2720 quoque
894 2637 982 2701 fama
998 2635 1131 2702 ferebat.
1184 2656 1235 2706 200

144 2720 345 2808 “magnum''
364 2719 481 2787 (laenis
499 2721 543 2786 ait
560 2721 661 2787 “facit
678 2721 758 2786 haec
774 2721 889 2786 iniuria
905 2734 1026 2799 votum,

55 2882 56 2885 Ἴ
143 2809 207 2872 tale
223 2808 290 2892 pati
306 2806 351 2870 nil
368 2828 475 2892 00000,
492 2806 580 2871 mihi.
624 2807 680 2883 da,
698 2806 818 2871 femina
833 2830 874 2872 ne
893 2807 966 2872 sim:

144 2893 250 2958 omnia
267 2891 489 2978 praestiteris.''
532 2890 678 2976 graviore
694 2891 867 2956 novissima
884 2892 964 2957 dixit

143 2978 243 3043 verba
259 2999 347 3054 sono,
364 2987 550 3063 poteratque
568 2977 626 3041 viri
643 2998 707 3040 vox
724 2977 779 3040 illa
794 2976 908 3041 videri:
926 3012 970 3026 -

144 3064 226 3128 sicut
244 3074 320 3128 erat.
362 3061 518 3126 numiam
536 3073 610 3127 voto
627 3062 706 3127 deus
724 3062 869 3145 aequoris
887 3062 943 3127 alti

144 3149 312 3225 adnuerat,
330 3147 522 3231 dederatque
539 3169 647 3232 super,
664 3169 705 3211 ne
723 3147 848 3212 saucius
865 3146 939 3212 ullis

144 3233 329 3299 vulneribus
345 3233 413 3297 fieri
430 3232 554 3298 ferrove
572 3232 761 3297 occumbere
777 3243 894 3318 posset.

144 3341 276 3383 munere
292 3319 394 3382 laetus
412 3318 479 3382 abit
495 3318 670 3401 studiisque
686 3317 830 3382 virilibus
848 3340 962 3382 aevum

144 3404 243 3488 exigit
261 3403 428 3466 Atracides
445 3402 627 3486 Peneiaque
646 3425 723 3467 arva
739 3415 889 3488 pererrat.
1185 3425 1234 3473 209

186 3488 334 3552 Duxerat
350 3487 574 3572 Hippodamen
592 3487 706 3551 audaci
722 3489 834 3554 Ixione
851 3500 955 3565 natus,
991 3488 1164 3570 Lapitham
1175 3506 1233 3540 cam

144 3572 394 3672 Nubigenasque
411 3574 495 3637 feros
512 3573 621 3658 positis
639 3595 680 3637 ex
697 3574 808 3639 ordine
824 3574 941 3639 mensis
994 3557 1234 3625 mmmm·

145 3658 311 3722 arboribus
329 3667 412 3721 tecto
430 3657 629 3723 discumbere
646 3657 781 3723 iusserat
798 3669 898 3724 antro.

144 3742 317 3818 Haemonii
334 3764 479 3827 proceres
496 3742 640 3820 aderant,
650 3743 825 3809 aderamus
843 3756 875 3809 et
891 3744 966 3830 ipsi3

144 3828 288 3912 festaque
306 3827 438 3891 confusa
454 3829 623 3893 resonabat
638 3828 728 3915 regia
744 3829 847 3893 turba.

144 3935 218 3979 0000
235 3925 353 3978 canunt
370 3914 593 3998 Hymenaeon,
612 3924 644 3979 et
661 3914 789 3999 ignibus
806 3914 887 3978 atria
903 3914 1037 3991 fumant,
1184 3933 1233 3983 215

143 3998 309 4082 cinctaque
326 3998 414 4063 adest
432 3998 522 4082 virgo
540 4009 676 4063 matrum
693 4021 896 4085 nuruumque
914 4011 1051 4079 caterva,

141 4083 320 4174 praesignis
336 4083 426 4152 facia.
461 4083 586 4149 felicem
604 4083 742 4150 diximus
758 4084 813 4150 illa
