2800 4500
335 301 703 361 METAMORPHOSEON
719 302 793 359 LIB.
810 304 860 360 IV.
879 302 972 359 9-95.
1123 288 1177 355 57'

143 441 179 496 ut
195 450 281 495 nuno
297 428 389 514 nigra
406 428 488 493 ferat
505 437 653 493 contactu
670 426 834 512 sanguinis
852 427 955 491 arbor.

144 516 204 583 hoc
220 516 334 601 placet.
378 514 470 590 hanc,
489 513 639 597 quoniam
655 513 797 598 vulgaris
815 512 926 577 fabula
941 534 1006 577 non
1024 523 1081 588 est,

7 592 14 619 ’
127 601 260 683 ,talibus
278 621 349 666 orsa
366 600 482 674 modis,
500 600 574 663 lana
591 620 650 662 sua
665 597 720 662 ffla
737 608 898 681 sequente.
1183 618 1217 666 54

82 700 123 757 „a
145 687 319 773 ‘Pyramus
336 694 369 774 et
385 684 519 771 Thisbe,
536 684 688 748 iuvenum
705 683 937 768 pulcherrimus
954 686 1044 761 alter,
1061 683 1199 763 (Pqumut
1210 688 1235 734 θ’

73 780 76 785 ’
145 774 258 847 altera,
276 792 356 854 quas
373 770 477 836 oriens
493 769 619 846 habuit,
637 770 780 854 praelata
796 769 921 854 puellis,
1018 767 1025 781 ’
1096 751 1205 818 ΜΕ)

145 858 310 941 contiguas
327 868 457 923 tenuere
475 855 601 931 domos,
619 855 675 919 ubi
693 853 808 919 dicitur
824 855 921 919 altam

146 943 308 1009 coctilibus
325 934 424 1006 muris
441 940 577 1006 cinxisse
595 938 781 1007 Semiramis
798 940 920 1006 urbem.

145 1027 290 1095 notitiam
306 1026 488 1112 primosque
505 1026 624 1112 gradus
642 1025 758 1090 vicinia
775 1025 864 1091 fecit:

145 1126 287 1199 tempore
305 1111 403 1177 crevit
421 1133 518 1181 amor.
561 1111 673 1176 taedae
691 1131 818 1194 quoque
835 1111 903 1176 iure
921 1110 1072 1178 coissentz

146 1199 203 1265 sed
220 1210 348 1264 vetuere
365 1209 481 1283 patres.
524 1196 611 1280 quod
629 1219 692 1261 non
710 1207 841 1282 potuere
858 1206 976 1274 vetare,
991 1202 1006 1219 “
1099 1252 1103 1262 .

146 1308 187 1351 ex
204 1304 307 1367 aequo
324 1283 425 1368 captis
443 1281 596 1347 ardebant
613 1283 774 1348 mentibus
791 1282 895 1347 ambo.

146 1369 291 1436 conscius
309 1368 411 1433 omnis
428 1366 531 1432 abest:
549 1380 629 1432 nutu
647 1366 810 1453 signisque
826 1367 1009 1451 loquuntur.
1028 1450 1029 1454 Ἰ

146 1476 274 1539 quoque
290 1453 394 1538 magis
411 1454 537 1539 tegitur,
555 1463 657 1518 tectus
674 1452 778 1538 magis
796 1464 919 1518 aestuat
934 1453 1028 1538 ignis.

146 1543 239 1607 fissus
257 1549 325 1604 erat
340 1538 429 1603 tenui
445 1540 540 1617 rima,
558 1559 655 1621 quam
673 1539 807 1603 duxerat
824 1539 899 1603 olim

146 1649 222 1692 cum
238 1625 342 1700 fieret,
358 1624 462 1708 paries
479 1624 588 1688 domui
606 1624 781 1689 communis
798 1624 934 1708 utrique.

146 1712 180 1784 id
196 1711 309 1775 vidum
325 1708 404 1774 nulli
421 1731 479 1794 per
496 1710 622 1775 saecula
638 1710 735 1809 longa
752 1720 895 1775 notatum
912 1745 956 1758 -

147 1796 225 1881 quid
241 1817 306 1860 non
322 1795 418 1860 sentit
435 1795 542 1859 amor?
558 1831 602 1841 —
617 1795 712 1880 primr
729 1795 851 1861 vidistis
870 1807 1011 1861 amantes

148 1893 180 1947 et
197 1881 285 1946 vocis
302 1879 421 1946 fecistis
437 1881 506 1945 iter.
550 1891 701 1963 tutaeque
718 1902 776 1965 per
792 1881 871 1951 illud

147 1988 308 2032 murmure
326 1965 497 2030 blanditiae
513 1965 644 2030 minimo
663 1966 795 2030 transire
813 1965 966 2031 solebant.

109 1992 258 2139 >saepe
275 2050 331 2115 ubi
349 2051 553 2116 constiterant
569 2050 643 2115 hinc
660 2050 790 2128 Thisbe,
807 2049 966 2136 Pyramus
983 2051 1079 2129 illino,

148 2137 246 2220 inque
263 2137 348 2201 vices
365 2135 470 2221 fuerat
488 2147 632 2220 captatus
649 2135 806 2201 anhelitus
824 2136 896 2211 oris,

148 2220 303 2287 “invide”
322 2220 471 2287 dicebant
488 2222 630 2306 “paries,
648 2220 725 2305 quid
742 2221 921 2288 amantibus
939 2221 1066 2288 obstas?

149 2318 303 2392 quantum
320 2317 401 2384 erat,
419 2318 454 2371 ut
473 2307 591 2372 sineres
608 2316 750 2373 totonos
768 2329 898 2391 corpore
915 2307 1015 2392 iungi,

150 2405 205 2458 aut
222 2391 283 2456 hoc
293 2392 326 2456 si
342 2379 477 2456 nimium
493 2400 551 2465 est,
568 2392 620 2456 vel
637 2393 806 2471 adoscula
823 2394 928 2459 danda
944 2391 1083 2479 pateres!

148 2500 208 2544 neo
225 2500 333 2542 sumus
351 2477 481 2561 ingrati:
500 2476 557 2541 tibi
574 2498 633 2541 nos
651 2477 767 2543 debere
783 2477 930 2553 fatemur,

148 2563 242 2648 quod
252 2562 345 2627 datus
363 2575 412 2629 est
428 2561 533 2627 verbis
551 2562 593 2625 ad
610 2562 728 2627 amicas
745 2562 894 2628 transitus
912 2562 1036 2629 aures.’'

148 2649 224 2713 talia
241 2648 366 2713 diversa
382 2646 577 2730 nequiquam
594 2648 669 2712 sede
685 2647 783 2713 locuti

148 2735 209 2799 sub
226 2745 352 2798 noctem
369 2732 477 2797 dixere
496 2732 601 2808 ‘vale'
618 2733 765 2817 partique
783 2733 898 2799 dedere

148 2820 257 2883 oscula
273 2818 407 2902 quisque
424 2839 501 2881 suae
518 2838 583 2881 non
599 2817 815 2903 pervenientia
833 2829 953 2885 contra.

147 2916 275 2989 postero
290 2916 462 2969 nocturnos
479 2924 594 2967 aurora
609 2916 788 2968 removerat
804 2904 815 2967 i
861 2925 905 2980 es,

148 2989 258 3073 solque
275 2987 442 3074 pruinosas
458 2987 555 3052 radiis
572 2987 746 3055 siccaverat
763 2987 819 3053 her
842 3011 890 3053 as:

148 3075 190 3139 ad
207 3074 333 3138 solitum
351 3072 454 3138 coiere
470 3072 587 3137 locum.
622 3086 691 3137 tum
708 3096 870 3139 murmure
887 3096 985 3158 parvo

148 3159 249 3223 multa
265 3157 352 3243 prius
371 3157 488 3240 questi,
505 3167 661 3234 statuunt,
678 3169 715 3224 ut
730 3169 823 3223 nocte
841 3158 944 3223 silenti

146 3243 257 3308 fallere
275 3242 421 3308 custodes
439 3242 623 3327 foribusque
641 3244 794 3309 excedere
811 3230 1007 3329 temptent(

148 3349 285 3411 cumque
303 3327 398 3392 domo
416 3328 564 3405 exierint,
581 3328 668 3392 urbis
686 3350 815 3414 quoque
832 3340 916 3394 tecta
932 3331 1122 3414 relinquant,

146 3436 228 3479 neve
246 3413 288 3477 sit
305 3412 475 3477 errandum
491 3413 556 3477 lato
573 3413 783 3514 spatiantibus
801 3436 888 3492 arvo,

147 3499 338 3565 conveniant
356 3498 398 3562 ad
414 3496 508 3562 busta
524 3498 601 3562 Nim
617 3498 798 3582 lateantque
816 3499 876 3564 sub
893 3499 1007 3566 umbra

146 3585 278 3650 arboris.
323 3582 418 3648 arbor
433 3581 478 3646 ibi
495 3583 595 3648 niveis
612 3583 772 3650 uberrima
789 3585 891 3669 pomis

122 3671 247 3763 ‘ardua
263 3690 372 3735 morus
389 3678 471 3745 erat,
488 3668 593 3751 gelido
616 3669 811 3735 contermina
827 3669 917 3735 fonti.

147 3766 240 3839 pacta
256 3755 397 3839 placent:
417 3762 450 3817 et
464 3751 535 3828 lux,
553 3754 642 3819 tarde
659 3755 821 3822 discedere
838 3755 916 3832 visa,

147 3839 372 3925 praecipitatur
389 3837 495 3921 aquis,
513 3850 545 3902 et
562 3839 653 3923 aquis
670 3861 736 3904 nox
753 3840 818 3905 exit
835 3841 876 3904 ab
892 3841 1004 3906 isdem.

147 3923 261 3987 callida
277 3946 334 4009 per
351 3923 498 3988 tenebras
515 3936 640 3989 versato
657 3924 783 3990 cardine
800 3925 921 3992 Thisbe

148 4009 307 4092 egreditur
323 4008 467 4093 fallitque
485 4029 574 4084 suos,
592 4009 806 4095 adopertaque
823 4010 947 4075 vultum

147 4093 289 4180 pervenit
306 4093 348 4157 ad
365 4094 523 4162 tumulum
541 4094 687 4181 dictaque
705 4096 766 4164 sub
784 4096 896 4166 arbore
914 4096 1005 4166 sedit.
