2800 4500
314 283 681 344 smrsuouruosuou
698 276 771 342 nm.
789 282 841 343 rx.
861 288 970 345 12-99.
1093 267 1156 343 tet

134 405 321 492 quaeritur),
337 405 484 492 imposito
501 429 629 557 pressus
646 408 724 473 mihi
741 421 848 474 monte
866 409 1005 476 videbar.

133 491 188 556 vix
205 506 311 558 tamen
328 490 446 557 inserui
463 514 501 557 su
524 513 578 558 ore
595 493 727 560 fluentia
742 494 843 559 multo

133 575 296 654 bracchia,
314 576 368 642 vix
385 575 465 641 solvi
482 576 579 643 duros
597 601 617 642 a
633 590 762 664 pectore
779 602 891 644 nexus.

132 662 230 727 instat
246 661 407 727 anhelanti
423 662 632 748 prohibetque
649 686 810 730 resumere
827 664 921 742 vires,

133 758 165 814 et
182 746 304 813 cervice
321 769 393 813 mea
409 746 537 833 potitur.
581 759 650 813 tum
667 748 804 833 denique
821 750 914 816 tellus

132 854 243 934 pressa
259 854 344 919 genu
361 843 470 897 nostro
487 843 548 908 est,
566 844 599 899 et
607 832 750 899 barenas
767 855 822 900 ore
839 835 1004 901 momordi.

132 917 262 983 misrior
278 917 409 995 virtute,
428 940 515 983 meas
533 918 678 983 devertor
695 920 736 984 ad
753 931 848 997 ames,

132 1003 303 1086 elaborque
321 1002 389 1067 viro
406 1003 538 1088 longum
555 1003 710 1069 formatus
727 1004 761 1068 in
778 1026 925 1090 anguem.

132 1087 188 1172 qui
205 1100 374 1174 postquam
391 1088 492 1153 flexos
508 1088 632 1154 sinuavi
650 1110 687 1154 co
750 1112 765 1154 s
782 1090 816 1154 in
833 1090 937 1166 orbes,

132 1195 269 1258 cumque
286 1173 354 1237 fero
372 1172 458 1236 movi
475 1172 617 1258 linguam
634 1175 691 1239 stri
714 1196 768 1241 ore
785 1175 950 1254 bisulcum,

131 1257 214 1336 risit,
231 1269 264 1323 et
280 1256 416 1322 illudens
433 1269 556 1323 nostras
572 1259 760 1346 Tirynthius
777 1273 860 1327 artes

132 1349 311 1408 “cunarum
328 1342 419 1407 labor
436 1353 484 1408 est
501 1366 622 1430 angues
639 1366 789 1432 superare
806 1345 980 1426 mearum,''

132 1428 225 1504 dixit,
244 1435 300 1493 “et
317 1440 354 1492 ut
370 1427 478 1493 vincas
496 1429 589 1505 alios,
607 1429 764 1509 Achelo‘e‘,
782 1428 955 1509 dracones,

131 1537 205 1601 pars
222 1523 320 1597 quota
335 1512 502 1579 Lernaeae
519 1536 648 1600 serpens
666 1516 729 1582 eris
745 1538 829 1582 unus
845 1515 1031 1585 Echidnae?

131 1598 314 1665 vulneribus
331 1597 469 1664 fecunde
485 1599 551 1664 suis
568 1612 635 1666 erat
652 1600 722 1678 illa,
739 1624 798 1668 nec
815 1602 915 1668 ullum

131 1684 171 1765 de
189 1694 317 1750 eentum
333 1704 467 1749 numero
483 1696 579 1770 caput
597 1696 645 1751 est
660 1686 791 1773 impune
806 1686 953 1767 recisum,

130 1770 208 1854 quin
224 1769 353 1855 gemino
369 1768 477 1834 cervix
493 1769 781 1837 herede-valentior
797 1784 889 1838 esset.

130 1855 213 1921 hanc
230 1875 291 1941 ego
308 1876 467 1919 ramosam
482 1855 566 1920 uatis
584 1877 602 1921 e
619 1856 717 1922 caede
735 1857 874 1922 colubris
993 1884 996 1893 ⁸

131 1950 387 2023 crescentemque
403 1939 488 2003 malo
505 1939 615 2004 domni
632 1940 847 2026 domitamque
867 1943 989 2008 reclusi.

130 2025 207 2110 quid
224 2024 293 2090 fore
310 2037 342 2089 tc
359 2023 485 2100 credas,
502 2023 620 2089 falsum
637 2025 693 2109 qui
710 2048 820 2092 versus
837 2027 870 2091 in
888 2050 927 2092 an
953 2050 1026 2094 uem

131 2132 219 2175 arma
235 2108 338 2175 aliena
355 2109 484 2174 moves?
509 2129 605 2193 quem
621 2109 725 2175 forma
741 2112 884 2197 precaria
900 2049 1024 2179 celat?”

131 2195 268 2261 dixerat:
286 2203 319 2260 et
336 2213 460 2260 summo
477 2193 648 2281 digitorum
665 2195 793 2262 vincula
810 2197 907 2263 collov

130 2280 228 2347 inicit.
272 2279 423 2366 angebar,
442 2300 500 2345 ceu
517 2292 649 2366 guttura
665 2283 745 2347 forci
768 2304 786 2347 e
803 2305 944 2369 pressus:
1013 2303 1018 2312 ·

130 2365 361 2454 pollicibusque
377 2386 465 2430 meas
482 2365 667 2451 pugnabam
684 2305 819 2435 evellere
836 2368 955 2446 fauces.

130 2451 176 2517 sic
192 2472 320 2535 quoquc
336 2449 462 2536 'devicto
479 2451 618 2517 restabat
635 2453 729 2519 tertia
745 2453 828 2518 tauri

129 2537 233 2602 forma
249 2535 361 2601 trucis=
378 2545 470 2600 tauro
486 2547 627 2603 mutatus
643 2539 788 2604 membra
803 2539 932 2606 rebella.

129 2621 233 2688 induit
249 2620 302 2686 ille
319 2620 396 2686 toris
412 2643 433 2686 a
449 2620 541 2687 laeva
557 2633 647 2707 parte
663 2624 798 2690 lacertos

130 2707 367 2789 admissumque
384 2704 513 2772 trahens
530 2708 681 2791 sequitur,
699 2710 912 2795 depressaque
930 2711 1011 2778 dura

130 2814 249 2857 cornua
265 2791 286 2855 fi
310 2791 334 2856 't
350 2790 449 2856 humo
465 2812 581 2875 meque
597 2793 662 2859 alta
679 2795 790 2859 sternit
806 2796 935 2862 harena.
990 2828 992 2833 ·

128 2895 188 2942 nec
205 2814 360 2943 satislioc
375 2875 493 2942 fuerat:
510 2877 649 2963 rigidum
666 2879 735 2944 fers
752 2881 883 2946 dextera
899 2901 998 2947 cornu

129 2962 206 3028 dum
223 2971 324 3039 tenet,
340 2961 483 3063 infregit,
501 2973 677 3047 truncaque
693 2988 715 3029 a
731 2964 836 3031 fronte
852 2967 984 3032 revellit.

128 3046 249 3114 Naides
265 3047 342 3124 hoc,
358 3068 462 3133 ponus
479 3058 512 3113 et
527 3047 626 3113 odoro
642 3049 720 3114 flore
736 3051 903 3135 repletum,

129 3141 306 3209 sacrarunt3
324 3131 475 3216 divesque
493 3154 564 3199 meo
581 3133 674 3198 Bona
691 3132 795 3221 Copia
812 3157 910 3200 comu
928 3134 996 3202 est'

129 3217 261 3283 dixerat.
305 3227 337 3282 et
352 3217 506 3303 nymphe,
523 3217 587 3283 ritu
604 3219 765 3285 succincta
781 3220 918 3299 Dianae,

127 3314 194 3369 una
209 3299 437 3379 ministrarum,
455 3302 535 3368 fusis
551 3304 710 3389 utrimque
727 3306 859 3391 capillis,

127 3386 256 3461 incessit
272 3397 436 3470 totumque
453 3388 524 3453 tulit
563 3389 716 3456 raedivite
733 3412 831 3456 comu

128 3481 316 3538 autumnum
334 3483 366 3538 et
382 3494 521 3549 mensas,
538 3410 644 3540 isslicia
659 3496 769 3562 poma,
787 3477 953 3544 secundas.
1028 3526 1030 3530 -

127 3558 184 3623 lux
202 3555 302 3633 subit3
320 3568 354 3621 et
368 3556 470 3643 primo
487 3558 619 3625 feriente
636 3559 802 3627 cacumina
818 3563 885 3628 sole
975 3607 978 3611 2

128 3641 296 3708 discedunt
311 3641 441 3709 iuvenes
457 3641 575 3731 (neque
593 3644 700 3723 enim,
711 3647 789 3711 dum
805 3647 936 3713 flumina
952 3671 1065 3735 pacem

128 3738 160 3794 et
176 3725 317 3813 placidos
327 3726 473 3793 habeant
489 3727 596 3815 lapsus
612 3742 762 3816 totaeque
777 3732 926 3809 residant,
1165 3757 1197 3807 95

127 3812 342 3962 opperiuntur,
360 3813 491 3896 aquae);
501 3815 615 3962 dviprltus
631 3816 798 3918 Achelous
812 3830 953 3918 agrestes
1206 3840 1211 3848 ’

126 3910 503 4049 ‘trillluimllhii
520 3901 933 4066 aidduiihhffiihllll
1106 4003 1214 4061 a...

126 4079 232 4136 cetera
244 4088 360 4157 sospes
375 4068 486 4150 habet3
503 4069 614 4160 capitis
632 4092 759 4159 quoqne
775 4072 889 4142 fronde
905 4074 1029 4160 saligna

927 4174 978 4230 1⁰·
