2800 4500
307 296 675 356 arurauoarnosuon
690 298 765 354 uns.
782 290 863 354 xm.
881 299 1019 356 are-aro
1109 265 1178 349 '233

157 444 292 507 eumque
309 423 375 489 suis
393 421 503 488 videor
519 423 704 488 translatam
721 420 841 487 viribus
858 423 999 487 Aetnam

155 520 283 596 pectore
300 509 383 575 ferre
399 530 486 574 meo:
503 530 563 573 nec
580 518 630 585 tu,
649 504 800 584 Galatea,
817 508 984 573 moveris.’'

155 595 232 661 talia
247 595 440 680 nequiquam
457 605 588 678 questus
605 591 695 676 (nam
714 602 828 658 cuncta
844 592 1007 676 videbam)

156 678 258 766 surgit
274 692 307 746 et
323 691 358 745 ut
375 691 486 745 taurus
502 699 600 744 vacca
617 677 809 743 furibundus
826 678 976 763 adempta

155 776 238 831 stare
255 766 366 849 nequit
383 765 525 847 silvaque
543 774 575 829 et
590 764 674 828 notis
692 763 824 828 saltibus
842 772 939 828 errat:

155 873 229 916 oum
246 851 333 916 ferus
349 851 478 937 ignaros
494 870 554 915 nec
571 848 742 933 quicquam
759 849 823 914 tale
839 847 987 913 timentes

155 959 206 1001 me
223 936 310 1002 videt
328 948 423 1019 atque
440 935 525 999 Acin
544 934 751 1018 “video”que
768 933 926 999 exclamat
942 940 962 970 “
969 943 1014 1010 et,
1031 932 1092 999 ista

154 1021 267 1088 ultima
278 1021 339 1099 sit,
356 1021 488 1097 faciam,
505 1019 640 1086 Veneris
658 1018 827 1084 eoncordia
843 1018 997 1084 vestrae.''

154 1117 306 1192 tantaque
323 1128 400 1184 vox,
419 1116 571 1190 quantam
589 1102 729 1190 Cyclops
744 1104 844 1170 iratus
861 1104 979 1170 habere

154 1192 278 1271 debuit,
294 1192 350 1257 illa
366 1189 441 1269 fuit3
459 1191 596 1256 clamore
613 1189 792 1276 perhorruit
808 1191 926 1255 Aetna.

154 1290 205 1345 ast
221 1299 281 1365 ego
299 1276 403 1342 vicino
442 1276 586 1342 avefacta
603 1276 664 1340 sub
681 1296 818 1359 aequore
834 1297 970 1360 mergor.

154 1375 245 1450 terga
260 1364 358 1449 fugae
375 1299 506 1429 dederat
523 1382 675 1426 conversa
692 1359 897 1445 Symaethius
914 1361 1007 1426 heros

154 1460 186 1515 et
203 1449 279 1515 “fer
295 1470 403 1533 opem,
422 1445 571 1523 Galatea,
589 1468 710 1533 precor,
728 1444 819 1511 mihil
837 1446 931 1524 ferte,
944 1448 1125 1547 parentes,'’

154 1535 278 1601 dixerat
294 1540 351 1600 “et
368 1533 481 1599 vestris
498 1532 673 1617 periturum
690 1531 847 1597 admittite
863 1532 1001 1617 regms.''

152 1619 331 1704 insequitur
348 1615 488 1704 Cyclops
505 1628 691 1703 partemque
709 1640 728 1682 e
744 1627 853 1683 monte
869 1618 1029 1683 revulsam

152 1705 262 1782 mittit3
280 1714 312 1770 et
329 1715 488 1770 extremus
506 1702 650 1787 quamvis
667 1702 812 1789 pervenit
829 1702 870 1767 ad
887 1703 976 1767 illum

153 1791 289 1878 angulus
309 1812 349 1855 ex
378 1790 473 1866 iactu,
494 1799 595 1853 totum
612 1799 719 1853 tamen
737 1787 843 1853 obruit
860 1788 955 1853 Acin.

153 1887 187 1941 at
203 1897 276 1952 nos,
293 1874 380 1958 quod
395 1873 464 1939 fieri
481 1873 584 1938 solum
601 1895 659 1958 per
675 1873 743 1937 iata
759 1872 886 1951 licebat,

152 1960 301 2037 fecimus,
318 1971 355 2024 ut
371 1958 455 2024 vires
473 1968 648 2024 assumeret
664 1957 744 2023 Acis
761 1958 873 2023 avitas.

152 2045 308 2130 puniceus
329 2043 372 2110 de
389 2044 472 2108 mole
490 2063 583 2107 eruor
599 2042 766 2120 manabat,
783 2053 816 2109 et
831 2043 915 2108 intra

153 2128 302 2216 temporis
320 2128 472 2214 exiguum
489 2127 587 2192 rubor
603 2149 792 2193 evanescere
810 2128 927 2213 coepit3

151 2215 252 2301 fitque
270 2213 355 2280 color
372 2213 474 2300 primo
491 2212 609 2279 turbati
625 2212 765 2279 fluminis
781 2212 883 2279 imbre

152 2311 370 2389 purgaturque
387 2321 486 2364 mora
529 2310 598 2363 tum
615 2299 714 2364 moles
732 2298 834 2365 fracta
850 2299 994 2377 dehiscit,

152 2387 289 2470 vivaque
306 2408 363 2471 per
379 2384 476 2450 rimas
492 2404 686 2470 proceraque
705 2384 807 2471 surgit
822 2384 978 2463 harundo,
1089 2407 1091 2411 ·

153 2494 251 2557 osque
270 2493 384 2536 cavum
402 2469 471 2535 saxi
488 2479 580 2535 sonat
596 2470 812 2537 exultantibus
830 2470 938 2535 undis:

152 2557 296 2641 miraque
312 2579 377 2634 res,
395 2555 501 2621 subito
517 2556 624 2622 media
641 2568 734 2622 tenus
751 2556 854 2622 extitit
871 2556 943 2621 alvo

151 2643 307 2709 incinctus
323 2641 446 2707 iuvenis
463 2642 554 2707 flexis
571 2663 655 2707 nova
673 2662 794 2707 cornua
810 2641 930 2719 cannis,

152 2727 221 2813 qui,
238 2726 301 2791 nisi
317 2727 405 2812 quod
420 2726 531 2805 maior,
549 2727 635 2810 quod
653 2736 720 2792 toto
737 2728 882 2793 caerulus
900 2750 965 2805 ore,

151 2813 230 2878 Acis
248 2823 324 2878 erat.
368 2813 425 2877 sed
441 2812 488 2877 sic
505 2832 632 2895 quoque
649 2822 717 2877 erat
733 2822 840 2878 tamen
857 2811 951 2889 Acis,
968 2813 1002 2877 in
1020 2837 1145 2879 amnem
1194 2835 1244 2884 895

152 2920 262 2964 versus
267 2922 277 2975 3
292 2909 327 2962 et
343 2897 510 2981 antiquum
527 2907 697 2962 tenuerunt
713 2897 845 2962 flumina
861 2897 998 2963 nomen?

194 2983 343 3048 Desierat
361 2980 498 3049 Galatea
514 2981 602 3066 loqui
607 3006 617 3060 3
635 2992 791 3065 coetuque
808 2982 912 3047 soluto
1095 2999 1246 3070 (Glaucus.)

152 3068 319 3134 discedunt
336 3067 531 3152 placidisque
547 3077 660 3132 natant
676 3066 831 3133 Nereides
848 3067 952 3132 undis.

152 3152 262 3239 Scylla
279 3153 360 3218 redit
377 3151 496 3237 (neque
514 3152 599 3218 enim
618 3152 723 3217 medio
740 3175 775 3219 se
793 3153 921 3219 credere
937 3164 1035 3239 ponto

152 3239 263 3324 audet)
280 3248 312 3303 et
326 3249 384 3303 aut
401 3238 511 3303 bibula
528 3237 595 3303 sine
615 3237 755 3303 vestibus
773 3249 856 3305 errat
872 3238 1001 3317 harena,
1196 3260 1246 3310 900

152 3335 222 3402 aut,
240 3323 296 3388 uhi
312 3322 430 3387 lassata
447 3334 511 3400 est,
529 3322 676 3388 seductos
693 3335 788 3389 nacta
804 3346 947 3389 recessus

151 3409 302 3495 gurgitis,
319 3407 442 3473 inclusa
459 3430 518 3472 sua
535 3407 678 3473 membra
695 3408 863 3494 refrigerat
879 3410 975 3474 unda.

153 3515 226 3560 ecce
244 3494 325 3558 freto
344 3492 493 3571 stridens,
512 3493 567 3558 alti
583 3515 686 3559 novus
702 3493 808 3559 incola
825 3496 913 3581 ponti
948 3557 951 3566 ,

152 3600 255 3665 nuper
270 3578 303 3642 in
321 3576 466 3643 Euboica
483 3579 583 3644 versis
602 3577 794 3644 Anthedone
812 3580 972 3657 membris,

153 3661 297 3743 Glaucus
315 3661 406 3727 adest
422 3662 572 3747 visaeque
590 3664 738 3749 cupidine
755 3664 886 3750 virginis
903 3665 1022 3744 haeret,
1196 3687 1245 3737 905

152 3759 184 3813 et
201 3768 420 3831 quaecumque
438 3757 530 3832 putat
546 3749 724 3835 fugientem
740 3771 834 3834 posse
851 3752 977 3828 morari,

152 3832 250 3898 verba
266 3832 372 3898 refert.
415 3832 498 3917 fugit
515 3831 570 3898 illa
586 3847 693 3899 tamen
711 3834 868 3917 veloxque
885 3835 998 3902 timore

87 3923 91 3930 '
151 3918 295 4005 pervenit
312 3916 345 3981 in
363 3940 522 3982 summum
539 3919 633 4004 positi
647 3940 750 4005 prope
767 3919 860 3984 litora
875 3920 1002 3986 montis.

152 4014 225 4071 ante
242 4003 360 4070 fretum
377 4014 426 4068 est
441 4002 570 4086 ingens,
588 4004 711 4089 apicem
729 4004 890 4071 conlectus
907 4006 940 4070 in
958 4029 1069 4086 unum,

149 4090 265 4179 longus
274 4090 315 4158 ab
324 4087 516 4179 aequoribus
528 4109 688 4158 convexus
705 4090 739 4157 in
756 4111 894 4181 aequora
911 4103 1030 4161 vertex.
1195 4111 1245 4164 910
