2800 4500
243 279 305 348 108
437 306 440 311 “
574 293 606 351 Ρ.
626 293 751 352 OVIDII
767 291 931 353 NASONIS

242 427 376 503 spectat,
394 416 475 484 etin
493 418 584 483 vultu
600 417 700 483 veluti
716 428 785 482 tum
802 417 938 501 denique
955 417 1024 483 viso

240 503 361 568 lumina
378 503 442 567 fixa
459 514 558 582 tenet,
575 526 635 569 nec
652 525 686 568 se
702 503 848 569 mortalia
864 504 994 569 demens

241 611 297 653 ora
314 588 421 654 videre
437 600 543 674 putat,
560 611 621 655 nec
637 611 672 654 se
689 588 826 655 declinat
843 589 964 654 abillo.

241 687 277 739 ut
294 695 370 740 vero
388 673 554 760 coepitque
571 674 658 758 loqui
676 674 883 758 dextramque
900 674 1066 759 prehendit

191 777 225 827 90
242 758 358 844 hospes
375 770 407 825 et
423 759 577 824 auxilium
594 759 763 825 summissa
779 781 858 825 voce
875 760 999 846 rogavit

241 845 445 930 promisitque
462 856 581 922 torum,
598 845 735 911 lacrimis
753 844 796 910 ait
813 845 868 910 illa
883 845 1036 932 profusisz

241 930 334 1013 ‘quid
350 930 480 1008 faciam,
498 930 606 1009 vide03
627 952 687 996 nec
704 953 756 996 me
771 930 949 1017 ignorantia
966 931 1034 997 veri

241 1015 391 1100 decipiet,
409 1016 465 1080 sed
482 1038 579 1081 amor.
623 1015 791 1081 servabere
807 1039 939 1082 munere
955 1027 1078 1082 nostro:

242 1112 385 1166 servatus
401 1101 556 1186 promissa
572 1102 667 1166 dato!
711 1124 768 1187 per
785 1123 876 1167 sacra
892 1102 1042 1167 triformis

192 1204 223 1254 95
240 1187 293 1252 ille
310 1187 404 1264 deae,
420 1187 557 1271 lucoque
574 1188 657 1252 foret
673 1187 760 1271 quod
775 1210 894 1252 numen
910 1187 944 1252 in
959 1187 1024 1265 illo,

180 1284 182 1287 ’
241 1293 360 1358 perque
377 1283 499 1357 patrem
516 1272 617 1338 soceri
634 1283 815 1338 cernentem
832 1283 946 1338 cuncta
962 1272 1071 1350 futuri,

242 1368 436 1441 eventusque
454 1379 528 1422 suos
546 1368 577 1424 et
594 1369 682 1423 tanta
698 1358 839 1443 pericula
854 1358 947 1423 iurat.

242 1443 378 1508 creditus
396 1443 519 1528 accepit
536 1454 677 1508 cantatas
694 1442 838 1528 protinus
855 1443 970 1509 herbas

242 1528 432 1611 edidicitque
449 1551 543 1593 usum
559 1528 723 1612 laetusque
740 1528 774 1593 in
790 1538 875 1593 tecta
890 1528 1029 1595 recessit.

175 1633 225 1682 1co
283 1612 418 1678 Postera
435 1613 598 1699 depulerat
616 1613 722 1679 stellas
740 1635 855 1679 aurora
870 1613 1037 1681 micantes:

242 1698 433 1764 conveniunt
449 1699 559 1800 populi
576 1720 701 1764 sacrum
718 1698 874 1764 Mavortis
890 1699 924 1764 in
941 1723 1054 1765 arvum

242 1785 479 1868 consistuntque
495 1785 590 1871 iugis.
633 1784 738 1850 medio
754 1807 812 1850 rex
828 1785 896 1871 ipse
914 1786 1029 1851 resedit

241 1869 369 1956 agmine
385 1892 564 1956 purpureus
581 1882 770 1956 sceptroque
785 1870 918 1956 insignis
936 1871 1067 1936 eburno.

242 1977 316 2021 ecce
333 1954 529 2020 adamanteis
546 1956 726 2022 Volcanum
742 1955 872 2021 naribus
890 1955 999 2021 efflant

175 2059 224 2109 105
242 2040 405 2126 aeripedes
422 2042 519 2118 tauri,
537 2053 704 2125 tactaeque
721 2041 892 2126 vaporibus
910 2041 1028 2107 herbae

242 2127 362 2192 ardent.
405 2137 503 2210 utque
521 2128 622 2192 solent
637 2127 725 2212 pleni
740 2149 887 2192 resonare
904 2127 1029 2205 camini,

242 2223 298 2278 aut
314 2212 370 2278 ubi
387 2222 512 2278 terrena
529 2212 632 2279 silices
649 2212 779 2279 fornace
797 2213 891 2279 soluti

242 2298 423 2384 concipiunt
438 2298 546 2384 ignem
563 2299 756 2382 liquidarum
774 2298 941 2385 aspergine
958 2320 1126 2382 aquarumt

241 2395 371 2470 pectora
388 2383 434 2448 sic
450 2384 535 2448 intus
552 2385 676 2449 clausas
693 2385 853 2449 volventia
869 2384 1012 2449 flammas

175 2488 225 2537 110
241 2481 433 2555 gutturaque
450 2480 522 2534 usta
539 2480 662 2534 sonant
706 2481 813 2534 tamen
829 2470 891 2534 illis
909 2472 1038 2535 Aesone
1054 2481 1148 2536 natus

242 2555 354 2619 obvius
372 2555 407 2619 it
450 2566 572 2619 vertere
590 2566 694 2620 truces
711 2555 872 2625 venientis,
884 2555 926 2621 ad
942 2577 999 2621 ora

241 2640 395 2705 terribiles
413 2640 519 2705 vultus
537 2639 740 2725 praefixaque
757 2662 876 2706 cornua
892 2641 987 2717 ferro,

241 2726 490 2812 pulvereumque
507 2728 610 2789 solum
627 2725 709 2810 pede
725 2726 893 2811 pulsavere
910 2725 1032 2792 bisulco
1097 2798 1100 2803 ,

241 2811 453 2894 fumificisque
469 2811 574 2875 locum
592 2810 767 2896 mugitibus
783 2811 1003 2897 impleverunt

175 2914 224 2962 115
243 2896 409 2981 deriguere
425 2906 512 2961 metu
528 2895 671 2982 Minyae.
715 2896 802 2962 subit
817 2898 871 2962 ille
887 2919 947 2962 nec
963 2898 1054 2983 ignes

241 2982 336 3047 sentit
352 2981 515 3047 anhelatos
531 2980 670 3064 (tantum
687 2982 897 3048 medicamina
912 2984 1059 3068 possunt)

241 3067 443 3153 pendulaque
460 3067 574 3132 audaci
591 3068 709 3132 mulcet
725 3067 865 3153 palearia
881 3068 1002 3145 dextra,

241 3152 482 3244 suppositosque
499 3153 575 3238 iugo
593 3153 717 3237 pondus
733 3175 832 3237 grave
849 3153 935 3239 cogit
951 3153 1047 3219 aratri

241 3239 357 3303 ducere
374 3248 406 3303 et
422 3239 582 3302 insuetum
599 3238 683 3302 ferro
700 3238 902 3323 proscindere
920 3260 1077 3324 campum.

175 3343 224 3392 120
241 3324 395 3388 mirantur
412 3320 539 3389 Colchi:
557 3323 689 3408 Minyae
708 3323 897 3389 clamoribus
915 3335 1034 3409 augent

242 3409 444 3491 adiciuntque
461 3407 593 3473 animos.
635 3409 814 3494 galeatum
832 3409 928 3473 sumit
945 3415 1025 3475 ae'na

241 3494 384 3580 vipereos
401 3494 511 3558 dentes
529 3504 561 3559 et
577 3505 682 3558 aratos
700 3494 822 3579 spargit
838 3495 871 3558 in
889 3516 993 3580 agros.

241 3579 361 3644 semina
378 3578 479 3643 mollit
496 3578 612 3644 humus
629 3579 734 3643 valido
751 3578 925 3663 praetincta
942 3601 1074 3658 veneno,

241 3676 273 3730 et
291 3674 448 3740 crescunt,
467 3664 610 3748 fiuntque
627 3664 688 3729 sati
704 3686 788 3728 nova
804 3685 937 3751 corpora
954 3665 1074 3732 dentes.

175 3770 223 3818 125
242 3760 340 3833 utque
357 3748 492 3813 hominis
510 3749 648 3834 speciem
665 3760 809 3815 materna
825 3750 920 3814 sumit
936 3751 969 3815 in
987 3752 1058 3817 alvo

241 3856 361 3920 perque
378 3856 453 3899 suos
469 3834 554 3898 intus
574 3856 724 3900 numeros
741 3836 940 3920 componitur
956 3835 1070 3915 infans,

240 3940 300 3984 nec
316 3918 377 3983 nisi
395 3929 536 3983 maturus
554 3940 737 3985 communes
755 3920 819 3985 exit
835 3920 867 3985 in
885 3944 992 3986 auras:

243 4004 288 4067 sic
305 4003 360 4067 ubi
377 4002 550 4068 visceribus
567 4004 719 4088 gravidae
736 4005 855 4071 telluris
871 4005 978 4091 imago

243 4086 358 4154 effecta
375 4099 424 4155 est
440 4087 591 4169 hominis,
607 4090 673 4158 feto
691 4092 853 4180 consurgit
869 4092 903 4157 in
920 4112 996 4157 arvo
1001 4113 1012 4170 3
