2800 4500
303 231 671 290 METAMORPHOSEON
687 232 760 288 LIB.
779 233 828 290 lv.
847 233 992 290 tta-359.

138 376 210 423 cum
228 380 363 443 puerum
380 357 459 422 vidit
476 356 642 439 visumque
660 357 782 441 optavit
799 356 927 422 habere.

137 464 197 508 nec
214 453 320 508 tamen
338 453 411 508 ante
428 442 520 519 adiit,
539 443 599 507 etsi
615 442 806 527 properabat
823 442 920 517 adire,

137 550 234 612 quam
251 551 286 594 se
303 528 495 614 composuit,
513 548 610 610 quam
627 527 851 613 circumspexit
868 526 1002 593 amictus

137 625 169 679 et
186 615 276 678 finxit
292 614 416 679 vultum
434 625 466 679 et
483 613 596 679 meruit
614 612 754 677 formosa
771 613 882 678 videri.

136 711 213 764 tunc
230 699 276 764 010
292 698 371 765 orsa
381 700 469 783 loqui
486 705 591 784 “puer
608 719 628 763 o
645 698 830 784 dignissime
848 698 934 763 credi

136 806 206 849 esse
225 785 318 850 deus:
337 807 394 850 seu
410 795 446 849 tu
463 784 542 851 deus
559 805 608 859 es,
625 793 715 869 potes
733 807 802 849 esse
820 781 962 870 Cupido;

137 870 204 935 sive
222 893 256 935 es
273 870 428 946 mortalis,
446 870 502 953 qui
520 879 551 935 te
567 891 722 955 genuere,
741 869 837 947 beati,

137 966 169 1020 et
185 955 284 1021 frater
300 956 391 1034 felix,
409 967 441 1022 01
456 954 619 1020 fortunata
634 954 778 1040 profecto

137 1041 165 1105 si
182 1062 246 1124 qua
262 1040 320 1106 tibi
337 1062 425 1107 soror
442 1050 490 1106 001
507 1051 553 1118 01,
572 1061 655 1125 quac
672 1040 760 1106 dedit
776 1040 889 1118 ubera,
907 1040 1024 1106 nutrix.
1139 1072 1142 1076 ⁸

137 1126 195 1191 sed
211 1127 306 1211 longe
323 1126 445 1193 cunctis
461 1126 620 1211 longeque
638 1126 760 1193 beatior
777 1126 841 1202 illa,

138 1212 165 1276 si
183 1232 247 1295 qua
263 1212 322 1276 tibi
339 1234 457 1298 sponsa
473 1222 536 1289 est,
554 1211 580 1275 01
598 1232 695 1295 quam
713 1212 745 1276 di
791 1211 885 1278 ahere
903 1212 1006 1277 taeda.

137 1297 217 1362 haec
234 1296 291 1362 tibi
308 1296 375 1362 sive
393 1297 499 1380 aliqua
516 1307 578 1373 est,
596 1319 669 1362 mea
684 1296 727 1362 sit
779 1298 860 1362 rtiva
876 1298 1037 1383 voluptas:

138 1405 194 1447 seu
211 1382 299 1447 nulla
316 1395 374 1459 est,
392 1403 454 1468 ego
472 1382 542 1460 sim,
559 1382 797 1466 thalamumque
814 1382 957 1448 ineamus
975 1381 1142 1448 eundem.''

136 1467 216 1533 Nais
234 1468 276 1533 ab
292 1467 342 1532 his
359 1467 467 1533 tacuit.
510 1466 602 1554 pueri
619 1467 717 1533 rubor
733 1491 789 1534 ora
805 1469 926 1535 notavit

137 1551 252 1636 (nescit
269 1553 368 1631 enim,
385 1554 463 1638 quid
480 1554 598 1637 0100010
616 1554 674 1619 sed
691 1563 724 1620 et
740 1553 904 1620 erubuisse
922 1552 1064 1619 decebat
1178 1571 1229 1621 030

137 1637 190 1704 hic
207 1638 294 1703 color
310 1639 417 1740 aprica
432 1638 643 1724 pendentibus
661 1639 773 1705 arbore
790 1641 892 1725 pomis

138 1736 194 1788 aut
210 1724 298 1790 ebori
314 1734 412 1793 tmcto
430 1735 491 1800 cst,
509 1736 565 1790 aut
582 1724 646 1790 sub·
660 1725 796 1790 candore
814 1724 950 1802 rubenti,

139 1831 213 1874 cum
228 1809 346 1874 frustra
361 1821 511 1875 resonant
527 1832 602 1875 aera
619 1810 794 1887 auxiliaria,
811 1810 917 1875 lunae.

137 1896 281 1980 poscenti
297 1895 457 1980 nymphae
475 1895 542 1960 sine
560 1896 623 1961 fine
640 1895 760 1960 sororia
777 1897 889 1961 saltem

138 1981 247 2046 oscula
262 1980 390 2064 iamque
407 2003 521 2046 manus
538 1981 580 2044 ad
597 1979 738 2048 eburnea
756 1980 837 2046 colla
853 1980 986 2061 ferentiv

138 2066 302 2131 “desinis?
319 2077 375 2131 aut
392 2066 498 2150 fugio,
515 2066 708 2149 tecumque''
727 2065 772 2130 ait
788 2066 874 2131 “ista
890 2066 1079 2149 relinquo.”'

141 2150 297 2218 Salmacis
315 2151 459 2217 extimuit
476 2151 660 2235 “loca'’que
678 2151 782 2216 “haec
799 2151 857 2216 tibi
873 2150 974 2218 libera
991 2151 1092 2230 trado,

138 2235 278 2322 hospes”
296 2236 355 2315 ait,
372 2236 561 2319 simulatque
579 2238 682 2322 gradu
699 2237 861 2303 discedere
878 2260 981 2314 verso,

137 2334 207 2387 tum
223 2343 349 2407 quoquc
364 2322 548 2409 respiciens,
567 2323 779 2407 fruticumque
796 2324 957 2388 recondita
974 2324 1055 2388 silva

138 2408 262 2473 delituit
278 2410 426 2491 flexuque
444 2431 530 2495 genu
547 2409 704 2474 submisit
747 2410 860 2487 atille,

136 2504 175 2557 ut
190 2516 284 2579 puer,
302 2505 338 2558 ut
354 2495 464 2559 vacuis
481 2506 513 2559 et
529 2494 751 2559 inobservatus
768 2494 803 2559 in
818 2494 935 2572 herbis,

137 2579 202 2644 huc
217 2578 243 2644 it
260 2589 291 2644 et
309 2578 383 2644 hinc
399 2579 488 2656 illuc,
507 2591 538 2644 et
555 2580 588 2644 in
606 2580 820 2645 alludentibus
839 2580 931 2644 undis

138 2687 263 2729 summa
279 2664 398 2750 pedum
415 2666 542 2748 taloque
559 2680 652 2729 tenus
670 2667 805 2752 vestigia
821 2665 947 2751 tinguit.

137 2772 198 2815 nec
214 2771 318 2826 mora,
336 2750 488 2835 temperie
507 2750 694 2814 blandarum
711 2762 823 2837 captus
841 2771 996 2835 aquarum

137 2835 245 2901 mollia
262 2836 302 2900 de
319 2846 428 2901 tenero
446 2835 605 2901 velamina
620 2857 751 2921 corpore
768 2836 867 2922 ponit.

138 2932 207 2985 turn
224 2941 300 2986 vero
316 2920 439 3007 stupuit
454 2921 624 3005 nudaeque
642 2921 790 3006 cupidine
808 2921 931 2986 formae

139 3004 294 3073 Salmacis
312 3006 438 3071 exarsit
481 3006 618 3092 flagrant
634 3027 761 3089 quoque
778 3005 899 3071 lumina
915 3008 1075 3093 nymphae

137 3113 202 3156 non
220 3091 319 3169 aliter,
337 3112 434 3175 quarn
452 3113 525 3156 curn
543 3113 623 3176 puro
640 3092 847 3156 nitidissimus
865 3091 942 3157 orbe

137 3176 282 3277 opposita
299 3176 420 3261 speculi
434 3176 583 3242 referitur
598 3177 737 3262 imagine
755 3176 917 3242 Phoebus.

137 3283 257 3345 vrxque
273 3283 395 3325 moram
412 3262 541 3347 patitur,
559 3262 614 3326 vix
630 3262 695 3325 iam
713 3285 771 3327 sua
788 3262 907 3347 gaudia
925 3262 1041 3343 differt,

136 3348 201 3412 iam
219 3347 308 3433 cupit
324 3346 485 3431 amplecti,
502 3347 567 3412 iam
584 3370 619 3412 00
636 3346 719 3411 male
737 3347 876 3412 continet
893 3371 1012 3414 amens.

137 3431 205 3509 ille,
224 3431 310 3497 00010
327 3431 422 3496 velox
439 3432 592 3517 applauso
610 3453 741 3518 corpore
757 3433 872 3518 palmis

139 3515 243 3583 desilit
259 3518 293 3582 10
309 3516 434 3593 1011000,
452 3518 635 3601 alternaque
654 3516 801 3583 bracchia
818 3519 937 3583 ducens

138 3602 173 3667 in
188 3602 317 3685 liquidis
334 3602 508 3667 translucet
524 3604 631 3686 aquis,
648 3614 684 3668 ut
701 3603 842 3670 eburnea
858 3604 886 3668 si
903 3604 974 3687 quis

139 3686 231 3773 signa
247 3697 335 3773 tegat
352 3687 438 3754 claro
454 3687 506 3752 vel
522 3688 658 3753 candida
673 3687 741 3753 lilia
757 3688 848 3753 vitro.

139 3771 313 3849 “vicimus,
331 3771 363 3838 01
380 3794 470 3837 meus
488 3772 575 3837 estl’'
594 3773 751 3839 exclamat
767 3773 861 3850 Nais,
880 3785 911 3839 et
929 3776 1015 3840 omni

138 3869 228 3923 veste
244 3858 356 3944 procul
371 3858 455 3922 iacta
472 3857 583 3923 mediis
600 3858 780 3925 immittitur
796 3859 890 3924 undis

137 3952 398 4031 pugnantemque
416 3954 502 4009 tenet
518 3943 733 4027 luctantiaque
751 3945 860 4009 oscula
878 3945 979 4031 carpit

137 4027 358 4116 subiectatque
375 4051 488 4097 manus
504 4027 665 4119 invitaque
681 4040 811 4118 pectora
828 4030 940 4120 tangit,
