2800 4500
24 1470 25 1474 ¹
142 1440 260 1507 Aulide
277 1441 402 1541 piscosa
417 1463 484 1527 pup

219 291 585 354 METAMORPHOSEON
596 293 669 351 LIB.
682 292 734 350 XI.
747 292 891 351 rso-795.
904 290 1076 349 xlm-41.
1100 276 1162 344 199

457 517 573 574 LIBER
588 515 849 575 DUODEGIMUS.

143 674 277 740 Nescius
296 675 466 760 assumptis
482 674 630 740 Priamus
648 684 739 759 pater
755 673 904 739 Aesacon
921 673 979 738 alis

144 760 262 836 vivere,
280 760 421 845 lugebat.
464 760 586 825 tumulo
604 779 732 843 quoque
749 780 864 824 nomen
882 756 1012 823 habenti

143 843 271 909 inferias
289 845 419 910 dederat
435 865 509 910 cum
527 844 678 910 fratribus
696 845 819 909 Hector
835 843 956 909 inanes.

143 929 243 995 defuit
260 930 365 995 officio
382 930 508 995 Paridis
525 928 705 1016 praesentia
721 929 812 1005 tristi,
969 980 972 984 .
1032 925 1233 980 Groeddvlt'de

143 1015 308 1101 postmodo
326 1015 381 1099 qui
397 1025 490 1101 rapta
506 1016 638 1101 longum
656 1036 730 1080 oum
747 1015 882 1100 coniuge
899 1014 1018 1079 bellum
1057 1004 1196 1048 morantes.

143 1099 246 1165 attulit
262 1101 297 1164 in
313 1100 463 1186 patriam3
482 1100 727 1184 coniurataeque
744 1112 919 1184 sequuntur
1049 1142 1050 1145 =
1182 1119 1198 1167 6

142 1185 226 1250 mille
243 1196 342 1262 rates,
360 1184 528 1271 gentisque
545 1185 639 1250 simul
656 1207 825 1251 commune
840 1184 1009 1270 Pelasgae.

141 1292 200 1335 nec
218 1270 316 1335 dilata
331 1270 414 1335 foret
431 1271 585 1349 vindicta,
601 1271 664 1336 nisi
681 1291 820 1355 aequora
838 1271 925 1337 saevi

141 1355 227 1420 invia
243 1356 392 1421 fecissent
408 1355 510 1433 venti,
527 1357 714 1440 Boeotaque
731 1357 824 1422 tellus

509 1462 542 1506 es
560 1441 713 1507 tenuisset
727 1440 836 1507 ituras.

141 1525 193 1591 hio
209 1536 311 1612 patno
329 1526 369 1591 de
386 1548 475 1592 more
485 1463 562 1591 iovi
579 1548 652 1591 oum
670 1549 761 1592 sacra
777 1537 951 1613 parassent,

141 1621 178 1676 ut
194 1622 284 1677 vetus
303 1612 443 1677 accensis
460 1611 623 1677 incanduit
638 1612 767 1677 ionibus
784 1635 850 1688 ara,

142 1720 266 1783 serpere
284 1698 466 1763 oaemleum
482 1697 591 1762 Danai
607 1666 716 1763 videre
732 1698 903 1763 draconem

140 1781 174 1847 in
191 1785 368 1868 platanum,
386 1782 505 1869 coeptis
523 1805 606 1867 quae
623 1783 729 1848 stabat
745 1783 890 1868 proxima
908 1782 1014 1848 sacris.

140 1867 234 1933 nidus
251 1880 319 1933 erat
336 1869 500 1933 volucrum
519 1868 567 1932 bis
585 1878 736 1951 quattuor
752 1866 865 1932 arbore
884 1889 1019 1943 summa,
1184 1890 1215 1937 15

140 1973 221 2036 quas
239 1954 331 2018 simul
349 1966 381 2017 et
397 1962 530 2017 matrem
548 1953 667 2017 circum
684 1974 744 2016 sua
760 1952 878 2016 damna
894 1953 1053 2017 volantem

141 2038 291 2123 corripuit
309 2060 437 2122 serpens
455 2037 613 2120 avidoque
630 2035 830 2101 abscondidit
842 2057 905 2101 ore.

141 2122 323 2207 obstipuere
340 2142 460 2201 omnes.
503 2133 537 2186 at
553 2121 620 2186 veri
636 2121 788 2207 providus
806 2144 909 2206 augur

141 2206 345 2273 Thestorides
363 2206 554 2273 ‘vincemus'
572 2206 630 2272 ait:
649 2207 815 2293 ‘gandete‚
831 2205 972 2293 Pelasgi.

141 2292 239 2358 Troia
256 2293 361 2370 cadet3
380 2293 436 2359 sed
454 2293 513 2359 erit
529 2293 629 2358 nostri
645 2314 736 2357 mora
751 2294 848 2379 longa
868 2292 998 2357 laboris'
1016 2328 1061 2340 ·-
1180 2315 1213 2364 20

50 2417 52 2426 κ
142 2388 239 2463 atque
255 2400 370 2444 novem
387 2380 531 2444 volucres
548 2379 581 2443 in
599 2378 674 2444 belli
691 2378 807 2464 digerit
824 2400 934 2443 annos.

140 2463 208 2540 ille,
225 2475 262 2528 ut
279 2474 358 2541 erat,
376 2463 492 2529 virides
510 2465 674 2551 amplexus
691 2464 726 2528 in
743 2464 855 2529 arbore
871 2484 976 2528 ramos

140 2549 177 2614 fit
193 2549 274 2636 lapis
279 2574 289 2627 3
307 2561 339 2615 et
356 2562 485 2636 superat
501 2550 655 2635 serpentis
672 2548 811 2635 imagine
828 2572 950 2614 saxum.

182 2634 355 2701 Permanet
370 2636 487 2700 Aoniis
501 2635 625 2701 Nereus
643 2635 799 2700 violentus
816 2635 850 2699 in
867 2634 960 2699 undis
1088 2651 1230 2719 Iptipenia

141 2721 288 2805 bellaque
305 2742 369 2785 non
386 2720 550 2797 transfert3
568 2732 600 2786 et
616 2731 690 2785 sunt
695 2766 705 2796 ,
722 2721 778 2804 qui
794 2742 924 2805 parcere
941 2720 1058 2785 Troiae
1183 2742 1215 2789 ro

65 2874 66 2877 ,
140 2805 328 2892 Neptunum
345 2806 488 2882 credant,
507 2805 584 2890 quia
600 2805 726 2870 moenia
742 2806 861 2870 fecerat
877 2805 959 2870 urbi.

141 2901 175 2955 at
191 2912 255 2956 non
271 2890 487 2957 Thestorides.
530 2911 590 2956 nec
607 2891 691 2955 enim
707 2890 848 2955 nescitve
864 2901 997 2968 tacetve,

142 2975 297 3061 sanguine
314 2976 457 3062 virgineo
474 2976 662 3062 placandam
680 2975 811 3060 virginis
828 2975 908 3039 iram

142 3082 212 3125 csse
229 3060 317 3126 deae.
360 3075 527 3163 postquam
544 3062 694 3147 pietatem
711 3061 840 3146 publica
857 3082 954 3125 causa

135 3167 261 3230 ¹reaque
277 3157 399 3232 patrem
416 3148 502 3224 vrcit,
520 3157 706 3230 castumque
724 3146 837 3211 datura
854 3168 998 3211 cruorem
1182 3168 1215 3217 ao

140 3230 289 3296 flentibus
306 3243 380 3297 ante
397 3254 484 3296 nram
501 3231 586 3298 stetit
602 3232 771 3317 Iphigenia
787 3232 946 3308 ministris,
1143 3283 1173 3308 ff
1254 3230 1257 3234 ’

140 3317 226 3381 victa
243 3316 304 3381 dea
320 3328 368 3381 est
383 3317 563 3402 nubemque
581 3317 680 3382 oculis
698 3317 827 3394 obiecit,
845 3329 877 3382 et
892 3317 974 3382 inter
1256 3391 1261 3398 ,
1307 3391 1313 3397 ,

140 3401 281 3466 officium
299 3402 487 3486 turbamque
504 3402 585 3467 sacri
602 3424 760 3486 vocesque
777 3414 962 3488 precantum
1189 3415 1271 3450 ²*

142 3486 307 3572 supposita
323 3487 423 3553 fertur
440 3499 579 3553 mutasse
595 3486 770 3572 Mycenida
787 3509 890 3552 cerva.
1052 3486 1113 3515 '‘³“

141 3594 218 3658 ergo
235 3572 305 3650 ubi,
324 3594 388 3656 qua
405 3572 525 3650 decuit,
542 3573 639 3637 lenita
656 3584 703 3638 est
722 3572 818 3638 caede
836 3572 954 3648 Diana,
1089 3649 1093 3652 ¹
1132 3580 1244 3650 '³1³⁹qu

140 3668 173 3723 et
189 3658 306 3744 pariter
321 3657 484 3734 Phoebes,
501 3658 619 3744 pariter
636 3657 732 3722 maris
748 3658 796 3721 ira
812 3657 953 3734 recessit,
1031 3627 1185 3722 *fids*
1194 3671 1228 3701 ···

141 3744 299 3828 accipiunt
316 3753 426 3807 ventos
444 3767 464 3808 a
481 3754 570 3828 tergo
588 3743 673 3826 mille
691 3743 826 3819 carinae,

140 3828 303 3912 multaque
319 3850 489 3914 perpessae
506 3828 830 3915 Phrygia-potiuntur
847 3826 975 3893 harena.

183 3910 273 3978 Orbe
289 3915 378 3978 locus
394 3914 500 3979 medio
517 3924 565 3979 est
581 3915 663 3979 inter
680 3926 843 3997 terrasque
860 3914 1041 3998 fretumque
1121 3929 1229 3996 wenna

139 3999 352 4082 caelestesque
370 3999 498 4085 plagas,
515 4000 645 4085 triplicis
663 3999 800 4064 confinia
815 3999 940 4064 mundi:
1179 4020 1213 4068 40

140 4082 238 4163 unde,
255 4084 344 4171 quod
357 4096 407 4150 est
423 4104 573 4170 usquam,
590 4085 736 4169 quamvis
752 4084 933 4172 regionibns
951 4083 1043 4161 absit,
1126 4151 1129 4156 ,
1172 4127 1174 4130 .
1218 4127 1228 4140 2
