2800 4500
322 250 691 309 umanuoarrrosnou
707 253 781 308 am.
798 253 850 308 xr.
870 254 1014 310 rao-aar.
1119 236 1181 307 185

160 377 296 443 dedecus
315 377 459 454 auderet,
478 374 609 461 cupiens
626 374 739 441 efferre
757 375 940 455 subantes,

158 485 219 529 nec
235 473 342 549 posset
357 462 489 528 reticere
506 473 628 538 tamen,
646 461 766 527 secedit
781 462 978 546 humumque
1202 482 1250 534 181

159 548 270 615 effodit
287 559 333 627 et,
351 547 471 613 domini
488 547 597 631 quales
614 546 774 632 aspexerit
790 569 893 624 aures,

159 655 237 699 voce
255 633 351 699 refert
367 655 466 719 parva
483 645 649 717 terraeque
665 633 1034 715 inmurmurat-haustae,

158 719 373 803 indiciumque
392 741 469 784 suae
486 718 573 784 vocis
589 718 702 783 tellure
719 728 845 803 regesta

159 804 278 881 obruit,
296 818 329 870 et
346 804 511 870 scrobibus
528 803 642 869 tacitus
660 803 793 869 discedit
811 803 937 889 opertis.

159 889 270 955 creber
285 889 515 954 harundinibus
532 888 674 954 tremulis
690 887 736 953 ibi
753 910 883 975 surgere
899 888 990 954 lucus
1202 910 1251 961 100

159 975 262 1060 coepit
280 985 325 1051 et,
342 986 380 1040 ut
395 975 533 1062 primum
550 974 645 1059 pleno
662 973 815 1039 maturuit
832 996 926 1051 anno,

158 1059 298 1146 prodidit
374 1059 497 1125 'colam
540 1058 605 1125 leni
620 1081 696 1124 nam
713 1070 819 1124 motus
836 1059 878 1124 ab
895 1069 1004 1125 austro
1026 1101 1032 1111 ι

158 1145 273 1210 obruta
289 1167 346 1210 ver
404 1145 516 1222 refert,
535 1144 718 1228 dominique
736 1143 880 1230 coarguit
896 1166 999 1209 aures.

200 1229 298 1295 Ultus
316 1230 383 1295 abit
398 1229 513 1295 Tmolo
530 1229 749 1314 liquidumque
765 1251 824 1315 per
840 1235 913 1294 abra
930 1240 1040 1295 vectus
1099 1230 1251 1312 Laomgdon

159 1326 330 1402 angustum
348 1315 427 1381 citra
442 1325 576 1402 pontum
592 1314 806 1417 Nepheleidos
824 1315 935 1380 Helles
1096 1299 1250 1352 callosam.

158 1399 407 1467 Laomedonteis
423 1399 559 1467 Latoius
576 1401 674 1466 astitrt
691 1401 785 1466 arvis.
1203 1421 1251 1472 100

159 1487 289 1552 dextera
308 1484 412 1573 Sigei,
430 1485 566 1552 Rhoetei
582 1487 674 1552 laeva
691 1486 841 1572 profundi

158 1595 214 1637 ara
230 1571 458 1658 Panomphaeo
475 1584 567 1638 vetus
584 1583 633 1638 est
650 1583 773 1637 sacrata
789 1571 938 1637 Tonanti.

157 1656 232 1723 inde
248 1678 350 1723 novae
367 1656 506 1743 primum
522 1657 626 1722 moliri
642 1657 769 1723 moenia
785 1657 901 1723 Troiae

158 1742 379 1808 Laomedonta
389 1741 497 1819 uidet,
515 1754 726 1829 susceptaque
743 1765 861 1828 magna
877 1743 987 1810 labore

159 1849 300 1894 crescere
317 1827 439 1892 difficili
456 1849 515 1893 nec
533 1850 609 1913 opes
627 1849 798 1914 exposcere
814 1850 944 1913 parvas:

158 1934 295 1997 cumque
312 1912 516 1998 tridentigero
533 1913 647 1977 tumidi
687 1912 806 1977 enitore
823 1913 974 1996 profundi
1153 1992 1156 1996 ⁴

157 1998 322 2063 mortalem
339 1996 482 2062 induitur
498 1935 695 2074 formam,l³
717 2019 756 2081 ry
778 1996 890 2082 ‘aeque
909 2012 1044 2082 tyranno

159 2082 328 2148 aedificant
344 2102 466 2158 muros,
483 2082 569 2166 pacti
585 2104 643 2167 pro
661 2102 766 2146 moem
788 2104 827 2146 us
844 2104 968 2147 aurum.

159 2167 264 2231 stabat
280 2187 374 2254 opus:
392 2166 528 2252 pretium
545 2189 602 2232 rex
617 2165 785 2242 inficiatur,
802 2177 835 2232 et
851 2166 948 2245 addit,

158 2252 309 2339 perfidiae
327 2252 505 2330 cumulum,
521 2253 611 2318 falsis
627 2253 766 2339 periuria
782 2252 897 2318 verbis.

99 2357 100 2360 ’
159 2346 238 2402 ‘non
255 2337 385 2439 impune
402 2337 507 2414 feres,'
524 2348 627 2404 rector
642 2338 741 2403 maris
758 2338 874 2422 inquit:
893 2348 925 2405 et
941 2359 1050 2404 omnes

159 2422 324 2489 inclinavrt
340 2443 440 2506 aquas
457 2423 498 2487 ad
516 2446 631 2490 avarae
646 2423 740 2489 litora
756 2424 884 2500 Troiae,

158 2510 255 2593 inque
271 2508 345 2575 freti
362 2508 497 2573 formam
513 2518 613 2575 terras
631 2509 795 2586 convertit,
813 2531 952 2595 opesque

159 2594 289 2661 abstulit
306 2594 453 2680 agricolis
469 2605 503 2659 11
519 2595 668 2660 fiuctibus
685 2594 793 2660 obruit
809 2616 914 2681 agros.

158 2703 262 2767 poena
278 2700 382 2764 neque
399 2678 479 2745 haec
497 2680 573 2745 satis
589 2692 652 2746 est:
670 2681 756 2766 regis
773 2701 901 2764 quoque
917 2679 983 2744 filia
999 2693 1140 2747 monstro

159 2766 299 2852 poscitur
315 2786 483 2849 aequoreo.
527 2786 623 2849 quam
641 2765 722 2831 dura
738 2765 780 2830 ad
797 2788 875 2830 saxa
891 2765 1066 2831 revinctam

62 2856 63 2859 ’
159 2850 300 2915 vindicat
315 2850 462 2926 Alcides,
479 2850 697 2935 promissaque
714 2873 861 2928 munera,
879 2850 979 2916 dictos

183 2935 263 3000 oscit
278 2955 387 3018 equos.
430 2936 573 3018 tantique
589 2935 693 3022 operis
710 2937 857 3001 mercede
873 2947 1002 3022 negata,

159 2957 209 3084 lis
227 3020 353 3105 periura
370 3020 454 3121 capit
471 3030 639 3171 sqperatae
656 3021 782 3085 moenia
798 3020 924 3085 Troiae.

160 3126 220 3170 nec
237 3127 311 3190 pars
327 3104 470 3183 militrae,
518 3106 656 3184 elamon,
674 3106 743 3172 sine
759 3106 879 3172 honore
896 3106 1034 3184 recessit,

161 3190 367 3273 Hesioneque
384 3191 459 3255 data
475 3190 603 3276 potitur.
645 3214 721 3255 nam
739 3192 874 3277 coniuge
890 3191 1008 3257 Peleus

162 3276 266 3340 clarus
283 3285 351 3340 erat
368 3275 457 3340 diva:
475 3297 578 3360 neque
596 3276 649 3341 avi
664 3276 768 3363 magis
784 3278 838 3343 ille
855 3276 997 3362 superbit

161 3359 303 3437 nomine,
320 3381 419 3443 quam
436 3361 549 3426 soceris
568 3361 596 3426 si
614 3361 743 3445 quidem
760 3362 847 3427 Iovis
864 3384 933 3428 esse
950 3362 1057 3447 nepoti

162 3444 295 3531 contigit
310 3444 397 3509 haud
414 3445 484 3523 uni,
502 3446 640 3512 coniunx
657 3447 717 3512 dea
735 3448 819 3512 conti
843 3447 868 3512 ‘t
883 3447 949 3512 uni.
1202 3470 1252 3520 220

203 3530 352 3613 Namque
369 3552 467 3595 senex
483 3530 612 3597 Thetidi
627 3531 780 3610 Proteus,
798 3540 807 3569 ‘
835 3533 887 3598 ea'
906 3533 1029 3617 dixerat
1047 3535 1176 3612 ‘undae‚

162 3614 303 3701 concipe.
346 3625 448 3679 mater
465 3615 526 3681 eris
542 3617 681 3694 iuvenis,
698 3617 755 3701 qui
771 3617 906 3683 fortibus
924 3618 1002 3684 actis
1145 3617 1251 3686 [stetu.

162 3711 234 3766 acta
249 3699 348 3787 patris
365 3699 471 3764 vincet
486 3700 648 3785 maiorque
665 3703 831 3769 vocabitur
846 3703 921 3768 illo!

162 3808 250 3872 ergo,
266 3808 308 3850 ne
325 3784 495 3868 quicquam
513 3787 650 3853 mundus
667 3788 746 3853 Iove
762 3789 865 3853 maius
882 3788 1024 3868 haberet,

162 3871 307 3955 quamvis
324 3869 411 3934 haud
429 3870 552 3956 tepidos
570 3871 630 3936 sub
647 3884 775 3958 pectore
793 3885 934 3940 senserat
951 3875 1051 3961 ignes,
1201 3894 1250 3944 110

161 3955 306 4041 Iuppiter
322 3976 498 4041 aequoreae
514 3956 658 4022 Thetidis
676 3958 813 4024 conubia
828 3960 914 4045 fugit

160 4042 195 4109 in
212 4062 332 4131 suaque
350 4040 515 4109 Aeaciden
532 4042 701 4115 succedere
720 4054 794 4115 vota
810 4056 959 4134 nepotem
