2800 4500
306 284 675 373 rmnauonrnosron
692 286 766 345 nm.
784 285 834 346 vr.
853 289 997 348 nra-eae.
1094 276 1162 344 ‘103

140 422 233 479 nocte
250 423 342 478 sonat
358 413 515 499 Rhodope
531 413 696 478 tinnitibus
714 413 795 479 aeris
813 413 911 492 acuti3

140 511 233 565 nocte
250 521 309 564 sua
325 510 374 564 est
391 521 519 585 egressa
536 499 630 563 domo
647 498 772 585 regina,
790 498 905 583 deique
1178 519 1229 570 590

139 585 251 649 ritibus
268 584 434 649 instruitur
449 585 639 669 furialiaque
656 584 771 670 accipit
788 606 889 649 arma:

66 726 68 729 ,
139 671 203 737 vite
221 680 317 755 caput
333 670 461 755 tegitur,
476 670 576 736 lateri
586 670 714 736 cervina
730 668 857 738 sinistro

139 756 256 822 vellera
273 756 466 841 dependent,
483 777 593 821 umero
610 755 689 821 levis
705 755 836 821 incubat
852 755 952 821 basta

139 841 264 907 concita
279 863 337 927 per
353 840 449 906 silvas
467 841 561 906 turba
577 840 746 907 comitante
764 863 894 906 suarum

138 925 286 994 terribilis
303 925 443 1012 Progne,
462 925 617 1010 furiisque
634 927 754 1012 agitata
771 926 897 1003 doloris,

138 1012 281 1087 Bacche,
299 1022 370 1077 tuas
388 1011 525 1077 simulat.
568 1011 656 1078 venit
672 1011 714 1076 ad
731 1012 857 1078 stabula
874 1012 946 1077 avia
963 1012 1091 1080 tandem

138 1098 342 1181 exululatque
360 1098 525 1181 euhoeque
542 1109 634 1163 sonat
651 1108 821 1183 portasque
837 1097 984 1183 refringit

137 1203 385 1285 germanamque
402 1182 485 1269 rapit
500 1194 673 1268 raptaeque
689 1182 828 1269 insignia
843 1183 965 1248 Bacchi

137 1269 241 1334 induit
257 1279 289 1334 et
305 1268 412 1332 vultus
429 1267 617 1334 hederarum
634 1267 800 1333 frondibus
817 1268 906 1333 abdit

28 1366 29 1369 ’
138 1354 366 1436 attonitamque
383 1353 510 1420 trahens
527 1355 610 1418 intra
626 1376 686 1419 sua
702 1352 828 1419 moenia
845 1353 942 1420 ducit.

138 1451 174 1505 ut
191 1439 289 1505 sensit
305 1438 446 1525 tetigisse
463 1439 594 1503 domum
609 1438 789 1504 Philomela
804 1439 986 1519 nefandam,

137 1525 260 1591 horruit
274 1524 386 1591 infelix
403 1535 533 1608 totoque
550 1524 705 1609 expalluit
721 1547 785 1591 ore.

137 1621 232 1678 nacta
247 1610 354 1675 locum
369 1609 499 1696 Progne
516 1631 676 1675 sacrorum
693 1610 826 1696 pignora
843 1610 941 1676 demit

138 1717 256 1780 oraque
274 1694 399 1762 develat
413 1696 546 1761 miserae
563 1694 751 1780 pudibunda
768 1697 883 1761 sororis

138 1782 365 1867 amplexusque
391 1781 480 1867 petit.
531 1780 587 1845 sed
604 1781 829 1849 nonattollere
846 1792 955 1848 contra

138 1867 272 1933 sustinet
289 1865 367 1930 haec
384 1866 507 1942 oculos,
524 1865 637 1950 paelex
654 1865 716 1930 sibi
733 1866 801 1930 visa
818 1868 948 1931 sororis:

138 1952 323 2036 deiectoque
340 1950 373 2015 in
390 1950 524 2016 humum
540 1950 631 2015 vultu
647 1951 753 2016 iurare
770 1951 887 2018 volenti

137 2037 309 2121 testarique
326 2037 416 2114 deos,
432 2058 491 2122 per
507 2035 572 2100 vim
589 2035 650 2100 sibi
666 2036 805 2102 dedecus
821 2037 901 2102 illud

138 2124 276 2200 illatum,
293 2144 350 2208 pro
368 2143 446 2187 voce
462 2142 576 2186 manus
593 2120 663 2186 fuit
708 2121 797 2186 ardet
814 2133 846 2187 et
862 2122 942 2186 iram

138 2231 203 2275 non
220 2206 306 2294 capit
320 2206 391 2294 ipsa
407 2229 499 2273 suam
515 2205 657 2293 Progne,
675 2206 848 2292 fletumque
865 2207 979 2273 sororis

139 2295 220 2362 ccrri
241 2294 310 2359 iens
327 2299 406 2358 ‘non
423 2305 470 2359 est
485 2291 623 2358 lacrimis
640 2292 706 2358 hic’
724 2292 827 2378 inquit
844 2294 1029 2381 ‘agendum

139 2379 196 2446 sed
213 2316 311 2455 idrro,
328 2379 385 2445 sed
403 2378 431 2444 si
448 2378 525 2462 quid
541 2377 655 2457 habes,
671 2378 759 2462 quod
776 2379 902 2446 vincere
919 2379 1038 2446 ferrum

136 2466 246 2552 possit.
289 2464 323 2529 in
339 2485 433 2529 omne
448 2463 540 2529 nefas
557 2485 617 2549 ego
634 2486 700 2541 me,
718 2486 885 2551 germana,
901 2465 1021 2550 paravi.

137 2563 194 2617 aut
210 2572 282 2637 ego,
300 2572 373 2615 cum
389 2549 514 2615 facibus
530 2549 650 2635 regalia
667 2560 752 2615 tecta
769 2550 926 2628 cremabo,

137 2636 290 2702 artificem
306 2634 418 2701 mediis
434 2633 603 2699 immittam
618 2634 723 2700 Terea
739 2634 889 2700 flammis:
1175 2660 1223 2709 615

137 2732 194 2787 aut
209 2722 352 2807 linguam
369 2730 426 2785 aut
442 2720 565 2794 oculos,
582 2730 638 2784 aut
656 2741 738 2803 quae
755 2720 814 2785 tibi
830 2720 973 2786 membra
989 2723 1143 2807 pudorem

137 2807 347 2882 abstulerunt,
365 2805 449 2871 ferro
465 2804 603 2890 rapiam,
619 2816 675 2869 aut
692 2827 750 2890 per
767 2806 898 2871 vulnera
914 2807 1000 2872 mille

137 2903 260 2958 sontem
276 2891 415 2956 animam
432 2890 598 3039 expellam.
632 2913 785 2975 magnum
803 2891 1026 2974 quodcumque
1042 2894 1167 2978 paravi3

137 2977 216 3061 quid
233 2976 287 3055 sit,
305 2977 409 3042 adhuc
426 2976 470 3040 du
492 2975 557 3040 ito?
600 2976 727 3061 peragit
742 2976 819 3041 dum
835 2977 911 3040 talia
926 2975 1066 3062 Progne,

136 3063 179 3128 ad
195 3073 328 3127 matrem
346 3060 493 3129 veniebat
508 3061 587 3147 Itys.
630 3061 709 3146 quid
726 3060 839 3146 possit,
857 3061 899 3126 ab
914 3061 969 3126 illo
1173 3084 1223 3135 620

136 3148 298 3213 admonita
315 3158 372 3212 est.
415 3147 578 3230 oculisque
595 3157 688 3211 tuens
705 3145 880 3211 immitibus
898 3154 946 3224 ‘a,
964 3168 1061 3231 quam

135 3256 171 3299 es
188 3232 298 3298 similis
314 3231 425 3317 patril’
444 3231 532 3297 dixit.
575 3252 635 3297 nec
651 3232 745 3316 plura
761 3233 867 3296 locuta

135 3318 224 3384 triste
240 3328 332 3403 parat
348 3315 471 3382 facinus
488 3317 647 3400 tacitaque
665 3327 829 3382 exaestuat
845 3317 902 3382 ira.

134 3415 171 3469 ut
188 3415 294 3469 tamen
311 3401 555 3485 accessit'natus·
568 3401 726 3485 matrique
744 3402 878 3467 salutem

134 3489 239 3555 attulit
255 3499 288 3554 et
302 3487 410 3574 parvis
426 3487 559 3553 adduxit
575 3487 657 3552 colla
671 3486 797 3553 lacertis

132 3575 294 3657 mixtaque
313 3572 471 3638 blanditiis
487 3572 661 3658 puerilibus
679 3573 788 3638 oscula
803 3573 916 3649 iunxit,

132 3671 220 3725 mota
235 3658 363 3743 quidem
381 3668 430 3724 est
445 3658 603 3744 genetrix,
620 3658 819 3742 infractaque
836 3657 974 3723 constitit
990 3657 999 3675 ’
1017 3681 1047 3737 a,

131 3744 286 3828 invitique
303 3743 387 3810 oculi
403 3743 540 3808 lacrimis
556 3743 707 3809 maduere
724 3743 851 3809 coactis.

131 3831 188 3896 sed
205 3830 300 3895 simul
316 3852 356 3895 ex
373 3828 472 3893 nimia
488 3840 625 3893 mentem
642 3829 758 3914 pietate
775 3828 883 3893 labare

130 3914 243 3992 sensit,
260 3914 302 3979 ab
318 3915 380 3979 hoc
396 3913 511 3978 itemm
528 3923 576 3978 est
592 3913 634 3978 ad
651 3915 759 3980 vultus
776 3921 869 3980 versa
885 3913 1011 3991 sororis,
1169 3933 1219 3985 cao

128 4001 226 4085 inque
244 4000 347 4065 vicem
364 4009 511 4084 spectans
529 3997 638 4063 ambos
657 4004 730 4065 ‘cur
746 3998 907 4065 admovet'
925 3998 1028 4083 inquit

128 4087 224 4153 ‘alter
240 4084 424 4161 blanditias,
441 4094 533 4170 rapta
550 4083 620 4148 silet
637 4085 735 4150 altera
750 4084 880 4171 lingua?

128 4191 224 4256 quam
241 4181 333 4238 vocat
349 4168 402 4234 hic
418 4181 567 4245 matrem,
584 4190 641 4235 cur
657 4190 722 4236 non
739 4180 833 4237 vocat
849 4170 904 4238 illa
920 4168 1080 4237 sororem?
1145 4219 1149 4226 .
