2800 4500
345 262 713 337 METAMbRPHOSEON
728 264 802 334 nm.
819 265 843 335 1'.
862 279 1005 335 raa-soa.

147 404 294 494 ingentes
310 404 416 471 animo
433 413 466 470 et
483 402 596 490 dignas
613 404 691 471 Iove
710 404 846 491 concipit
862 405 926 469 iras
977 394 983 407 Χ

147 492 381 574 conciliumque
397 502 500 556 vocat.
543 490 645 556 tenuit
661 512 751 555 mora
766 491 855 556 nulla
871 499 1010 556 vocatos,¹

148 590 197 646 est
214 579 267 644 via
284 575 442 652 sublimis,
461 577 548 642 caelo
565 576 734 643 manifesta
750 597 877 642 serenos

147 665 251 731 lactea
267 685 383 728 nomen
400 660 510 737 habet,
530 662 665 728 candore
682 662 830 727 notabilis
847 662 927 748 ipso.

148 750 209 816 hac
225 751 286 816 iter
302 764 350 815 est
368 748 489 834 superis
507 747 547 812 ad
565 747 673 834 magni
690 758 775 812 tecta
790 747 945 812 Tonantis

148 836 352 921 regalemque
371 833 510 898 domum.
555 833 666 899 dextra
683 832 838 917 laevaque
856 834 987 898 deorum

149 922 229 987 atria
245 920 399 986 nobilium
416 919 516 984 valvis
534 918 734 985 celebrantur
750 920 881 1005 apertis3

148 1007 239 1094 plebs
257 1004 379 1071 habitat
396 1005 521 1071 diversa
536 1004 629 1082 locis3
647 1027 667 1069 a
683 1005 788 1070 fronte
805 1015 949 1090 potentes

149 1092 317 1158 caelicolae
334 1091 472 1175 clarique
489 1113 564 1155 suos
582 1112 716 1176 posuere
723 1089 873 1155 Penates.

148 1178 202 1243 hic
218 1179 307 1244 locus
324 1188 387 1255 est,
405 1197 515 1260 quem,
534 1176 561 1241 si
578 1175 683 1242 verbis
701 1175 835 1241 audacia
852 1176 954 1252 detur,

148 1263 237 1329 haud
253 1263 383 1328 timeam
400 1261 509 1348 magni
523 1261 643 1328 dixisse
660 1261 787 1326 Palatia
804 1262 892 1327 caeli.

148 1371 226 1434 ergo
244 1348 300 1414 ubi
316 1369 492 1413 marmoreo
510 1348 617 1432 superi
634 1347 744 1412 sedere
761 1369 899 1425 recessu,

149 1435 262 1500 celsior
277 1433 346 1520 ipse
363 1433 433 1499 loco
451 1444 637 1518 sceptroque
654 1433 782 1498 innixus
799 1433 920 1499 eburno

148 1520 317 1587 terrificam
334 1519 446 1605 capitis
464 1518 622 1584 concussit
639 1529 750 1603 terque
766 1530 941 1603 quaterque

149 1605 336 1682 caesariem,
354 1627 427 1673 cum
445 1626 508 1688 qua
525 1614 656 1682 terram,
674 1627 776 1682 mare,
795 1605 898 1669 sidera
915 1604 1025 1670 movit.

148 1691 266 1757 talibus
283 1691 357 1755 inde
374 1691 476 1755 modis
494 1712 550 1755 ora
566 1690 764 1775 indignantia
782 1691 888 1755 solvit:

150 1783 227 1842 ‘non
244 1798 305 1862 ego
322 1798 380 1862 pro
397 1776 509 1841 mundi
525 1797 625 1861 regno
642 1777 745 1861 magis
762 1776 874 1840 anxius
893 1776 947 1840 illa

148 1874 336 1948 tempestate
353 1861 416 1939 fui,
433 1883 498 1945 qua
514 1872 640 1927 centum
658 1862 793 1945 quisque
810 1861 943 1947 parabat
1054 1938 1056 1941 .

132 1947 264 2014 inicere
297 1946 511 2033 anguipedum
528 1947 653 2032 captivo
671 1946 820 2011 bracchia
837 1949 935 2013 caelo.

147 2056 223 2099 nam
240 2054 433 2117 quamquam
450 2032 537 2097 ferus
555 2031 654 2096 hostis
672 2043 754 2109 erat,
771 2045 877 2097 tamen
894 2033 973 2097 illud
991 2032 1032 2097 ab
1050 2054 1114 2096 uno

149 2140 280 2204 corpore
298 2130 329 2184 et
346 2140 386 2184 ex
403 2141 468 2182 una
484 2117 643 2203 pendebat
660 2117 782 2202 origine
799 2118 928 2182 bellum.

148 2225 235 2270 nunc
251 2203 342 2282 mihi,
360 2225 424 2289 qua
441 2215 544 2269 totum
561 2202 685 2270 Nereus
705 2203 914 2269 circumsonat
931 2202 1050 2281 orbem,
1088 2235 1091 2238 ⁴

149 2291 345 2393 perdendum
363 2300 411 2356 est
427 2290 559 2355 mortale
600 2312 687 2354 enus.
754 2312 789 2355 er
804 2290 936 2355 flumina
951 2291 1022 2355 iuro

148 2375 251 2442 infera
267 2376 327 2441 sub
345 2385 429 2441 terra
446 2374 561 2461 Stygio
576 2312 719 2441 labentia
731 2311 821 2440 luco:

148 2472 263 2529 cuncta
279 2460 367 2547 prius
384 2472 546 2550 temptata.
589 2460 646 2526 sed
663 2460 894 2527 immedicabile
910 2462 1026 2528 vulnus

148 2570 226 2614 ense
240 2547 444 2613 recidendum
462 2558 525 2624 est,
542 2569 583 2612 ne
599 2568 673 2631 pars
691 2546 814 2612 sincera
831 2547 983 2612 trahatur.

148 2645 222 2698 sunt
238 2632 316 2697 mihi
333 2631 478 2709 semidei,
496 2644 570 2697 sunt
588 2630 706 2702 rustica
722 2632 852 2697 numina
869 2633 1039 2718 Nymphae

147 2717 316 2801 Faunique
334 2715 505 2803 Satyrique
522 2728 554 2783 et
570 2717 758 2782 monticolae
777 2717 914 2784 Silvani:

148 2825 228 2888 quos
244 2802 396 2952 quoniam
414 2803 494 2869 caeli
511 2803 652 2867 nondum
671 2802 841 2888 dignamur
857 2803 986 2881 honore,

147 2911 227 2974 quas
268 2889 401 2965 edimus,
419 2900 504 2954 certe
521 2898 620 2953 terras
636 2887 780 2953 habitare
797 2887 949 2953 sinamus.

148 2998 190 3039 an
207 2973 298 3050 satis,
317 2996 336 3038 o
354 2973 474 3074 superi,
492 2985 576 3038 tutos
595 2974 663 3040 fore
681 2973 807 3039 creditis
824 2973 905 3050 illos,
969 3015 976 3026 ·

148 3081 222 3125 cum
238 3058 329 3136 mihi,
348 3080 404 3142 qur
421 3059 557 3136 fulmen,
575 3059 705 3142 quivos
723 3059 889 3142 habeoque
905 3081 1058 3144 rogoque,
1169 3128 1171 3132 ,

148 3144 297 3210 struxerit
313 3144 442 3208 insidias
460 3156 554 3209 notus
571 3144 696 3209 feritate
713 3143 879 3228 Lycaoni'

147 3230 365 3295 confremuere
382 3251 491 3295 omnes
510 3229 684 3313 studiisque
702 3229 886 3294 ardentibus
903 3252 1018 3293 ausum

147 3315 223 3381 talia
241 3316 424 3401 deposcunt.
468 3316 527 3391 sic,
546 3336 619 3379 cum
637 3337 749 3379 manus
767 3314 864 3401 impia
881 3315 982 3379 saevit
1186 3335 1237 3385 200

147 3401 302 3487 sanguine
320 3398 479 3466 Caesareo
496 3400 677 3465 Romanum
695 3401 880 3485 extinguere
897 3422 1023 3478 nomen,

147 3486 315 3551 attonitum
333 3496 420 3551 tanto
438 3486 560 3551 subitae
578 3490 696 3551 terrore
713 3485 824 3551 ruinae

146 3571 321 3636 humanum
337 3593 439 3656 genus
457 3580 505 3636 est
521 3582 669 3654 totusque
686 3571 864 3656 perhorruit
881 3570 975 3635 orbis.

145 3678 206 3722 nec
223 3656 280 3721 tibi
298 3668 390 3742 grata
406 3656 511 3720 minus
528 3657 644 3741 pietas,
661 3656 825 3740 Auguste,
842 3667 968 3720 tuorum
986 3667 1043 3732 est,

146 3763 242 3825 quam
259 3741 319 3806 fuit
336 3741 391 3807 illa
408 3742 488 3806 Iovi.
531 3742 587 3825 qui
604 3752 772 3827 postquam
789 3763 867 3806 voce
885 3763 1044 3825 manuque
1185 3762 1234 3812 205

145 3849 309 3892 murmura
326 3826 524 3912 compressit,
543 3839 672 3893 tenuere
690 3826 814 3891 silentia
831 3827 945 3892 cuncti.

145 3911 286 3977 substitit
302 3924 338 3977 ut
355 3914 483 3990 clamor,
500 3933 627 3997 pressus
645 3912 801 3997 gravitate
818 3912 966 3998 regentis,

144 3996 293 4098 Iuppiter
308 3997 369 4064 hoc
385 3999 501 4065 iterum
517 4018 662 4063 sermone
680 3997 804 4063 silentia
820 3998 920 4098 rupit:

144 4082 212 4152 ‘tlle
230 4082 357 4173 qurdem
374 4106 494 4175 poenas
511 4117 554 4129 —
572 4104 680 4152 curam
697 4082 780 4154 hanc
797 4082 943 4154 drmrttite
960 4118 1002 4131 -
1020 4082 1122 4152 solvit.
