2800 4500
294 291 660 353 METAMORPHOSEON
676 295 751 351 LIB.
769 293 850 348 XIII.
868 293 1013 350 etv-734.
1104 277 1167 342 229

144 437 218 481 ecce
235 414 312 480 facit
328 416 440 483 mediis
457 429 548 483 natas
567 416 689 483 Orione
707 416 838 493 Thebis,

146 499 206 565 hac
222 522 287 565 non
304 500 475 566 femineum
494 500 603 585 iugulo
620 500 696 565 dare
714 502 828 566 vulnus
847 511 969 587 aperto,

145 585 218 651 illac
236 585 371 651 demisso
388 608 445 671 per
460 586 574 651 inertia
590 585 722 650 vulnere
739 586 803 650 tela

166 692 202 735 ro
219 671 338 757 populo
355 671 506 738 cecidisse
523 693 582 736 suo
599 671 803 758 pulchrisque
820 692 877 755 per
894 669 1006 735 urbem

143 693 308 822 lunaribus
325 756 402 823 ferri
418 757 598 840 celebrique
614 757 647 823 in
665 768 755 843 parte
773 755 915 821 cremari.

144 852 212 906 tum
230 840 270 907 de
287 841 430 928 virginea
446 841 591 928 geminos
609 841 695 908 exire
712 840 831 918 favilla,

143 949 184 992 ne
201 949 303 1012 genus
320 926 467 1002 intereat,
485 927 630 1003 iuvenes,
643 947 728 1076 quos
746 927 833 991 fama
850 924 994 991 Coronas

144 1012 302 1088 nominat,
320 1023 351 1077 et
368 1011 466 1078 cineri
483 1023 626 1078 materno
666 1035 760 1077 ucere
776 1033 937 1098 pompam.
1039 1082 1041 1085 ,

62 1152 70 1171 .
143 1097 296 1165 hactenus
313 1097 443 1181 antiquo
461 1097 559 1184 siguis
576 1097 773 1184 fulgentibus
790 1119 875 1174 aere,

143 1205 286 1248 summus
303 1181 449 1247 inaurato
466 1193 569 1248 crater
584 1194 653 1249 erat
669 1205 764 1269 asper
780 1181 926 1248 acantho.

142 1289 204 1333 nec
220 1267 340 1332 leviora
356 1267 439 1333 datis
456 1267 587 1333 Troiani
603 1268 688 1334 dona
704 1267 878 1345 remittunt,

144 1353 284 1437 dantque
302 1352 457 1418 sacerdoti
475 1354 640 1420 custodem
656 1353 735 1419 turis
753 1375 905 1430 acerram,

143 1439 222 1503 daut
261 1448 380 1503 ateram
397 1438 578 1523 claramque
596 1460 674 1505 auro
691 1439 889 1525 gemmisque
907 1460 1066 1504 coronam.

186 1524 225 1588 In
249 1545 267 1589 e
283 1522 440 1588 recordati
456 1523 599 1590 Teucros
615 1547 636 1591 a
653 1524 808 1610 sanguine
826 1524 943 1590 Teucri

137 1609 260 1674 ducere
277 1608 481 1695 principium,
500 1608 630 1676 Cretam
648 1620 788 1677 tenuere.
831 1610 955 1694 locique

143 1694 228 1759 ferre
245 1693 300 1759 diu
317 1694 468 1778 nequiere
485 1695 611 1772 Iovem,
629 1707 821 1779 centumque
837 1695 954 1760 relictis

143 1779 277 1845 urbibus
295 1779 456 1845 Ausonios
473 1791 585 1866 optant
602 1781 785 1866 contingere
802 1792 922 1866 portus.

145 1864 246 1930 saevit
264 1864 365 1930 hiems
382 1864 541 1949 iactatque
558 1865 657 1943 viros3
676 1864 750 1931 Stro
774 1864 955 1949 hadumque
972 1874 1116 1950 receptos

143 1950 299 2036 portubus
316 1949 420 2014 infidis
438 1950 590 2014 exterruit
606 1950 673 2015 ales
690 1888 795 2015 Aello.

144 2045 178 2100 et
193 2033 257 2098 iam
275 2033 444 2098 Dulichios
460 2044 570 2119 portus
588 2034 796 2118 Ithacamque
814 2032 998 2117 Samonque

143 2117 345 2201 Neritiasque
363 2118 490 2196 domus,
507 2140 642 2204 regnum
660 2119 782 2184 fallacis
798 2117 915 2196 Ulixis,

143 2213 269 2291 praeter
286 2214 377 2282 erant
394 2202 489 2270 vecti:
508 2214 659 2270 certatam
675 2204 730 2271 lite
747 2204 879 2271 deorum

144 2288 368 2365 Ambraciam,
384 2289 530 2374 versique
547 2290 655 2356 vident
673 2290 734 2356 sub
750 2290 888 2376 imagine
906 2313 1018 2354 saxum

143 2374 272 2453 iudicis,
289 2374 425 2440 Actiaco
442 2396 524 2459 quae
542 2398 627 2441 nuuc
644 2376 685 2441 ab
702 2376 854 2463 Apolline
870 2385 947 2440 nota
963 2388 1021 2454 ast,

84 2538 85 2541 Ἴ
145 2460 351 2544 vocalemque
369 2483 427 2526 sua
444 2472 561 2526 terram
577 2461 750 2527 Dodonida
767 2483 886 2545 quercu

145 2544 370 2630 Chaoniosque
387 2546 489 2625 sinus,
507 2546 564 2611 ubi
581 2548 647 2612 nati
663 2570 740 2633 rege
757 2547 900 2612 Molosso

138 2632 187 2697 'im
210 2631 242 2696 ia
259 2631 407 2696 subiectis
426 2631 538 2718 fugere
554 2631 700 2699 incendia
717 2633 841 2719 pennis.

185 2655 338 2781 Proxima
354 2716 538 2783 Phaeacum
556 2717 701 2783 felicibus
719 2718 822 2783 obsita
838 2717 941 2804 pomis

69 2874 70 2877 Ἴ
143 2825 218 2867 rura
234 2813 360 2888 petunt3
378 2800 494 2887 Epiros
511 2802 553 2866 ab
570 2802 619 2867 his
636 2815 832 2888 regnataque
850 2803 915 2868 vati

144 2888 319 2966 Buthrotos
334 2887 478 2973 Phrygio
496 2886 707 2971 simulataque
723 2887 822 2952 Troia
838 2900 972 2954 tenetur.

143 2969 217 3037 inde
235 2972 414 3037 futurorum
432 2971 523 3048 certi,
541 2993 623 3055 quae
641 2982 755 3037 cuncta
771 2974 858 3037 fideli

143 3057 321 3122 Priamides
339 3058 484 3123 Helenus
501 3056 622 3122 monitu
640 3058 854 3143 praedixerat.
871 3057 989 3123 intrant

145 3142 315 3209 Sicaniam.
358 3142 459 3207 tribus
476 3142 556 3208 haec
573 3142 712 3208 excurrit
727 3142 760 3208 in
777 3165 916 3227 aequora
933 3143 1051 3229 pinnis:

144 3250 163 3293 e
180 3227 295 3310 quibus
312 3226 489 3293 imbriferos
507 3240 555 3293 est
572 3251 664 3294 versa
680 3227 851 3313 Pachynos
868 3228 909 3292 ad
926 3240 1063 3306 austr0s3

144 3312 292 3377 mollibus
310 3313 489 3397 expositum
506 3313 653 3400 zephyris
671 3312 865 3399 Lilybaeon3
882 3315 923 3377 ad
935 3314 1050 3377 Arctos

144 3397 290 3481 aequoris
308 3408 452 3482 expertes
470 3410 591 3483 spectat
608 3399 801 3482 boreamque
818 3398 960 3464 Peloros.

143 3482 203 3547 hac
221 3482 360 3548 subeunt
376 3481 506 3560 Teucri,
525 3495 556 3549 et
573 3483 667 3549 remis
685 3497 839 3568 aestuque
856 3483 996 3550 secundo

144 3567 204 3633 sub
220 3579 346 3633 noctem
364 3567 484 3653 potitur
501 3568 659 3635 Zanclaea
676 3569 786 3634 classis
803 3568 931 3636 harena.

144 3652 254 3738 Scylla
269 3654 353 3719 latus
371 3654 532 3732 dextrum,
550 3655 676 3720 laevum
693 3654 870 3739 inrequieta
887 3653 1068 3738 Charybdis

141 3738 279 3821 infestat.
323 3750 413 3802 vorat
431 3738 510 3803 haec
526 3751 633 3827 raptas
650 3740 848 3823 revomitque
865 3740 1002 3805 carinas:
1166 3761 1216 3808 rao

141 3824 197 3889 illa
213 3823 288 3890 feris
307 3835 406 3888 atram
425 3824 556 3890 canibus
574 3825 770 3911 succingitur
786 3825 904 3904 alvum,
1113 3842 1232 3911 (Scylla.)

141 3909 273 3995 virginis
291 3931 347 3973 ora
363 3932 477 3995 gerens
495 3922 542 3987 et,
560 3910 587 3975 si
603 3932 668 3976 non
685 3910 792 3976 omnia
808 3922 896 3977 vates

140 3995 215 4061 licta
231 3994 441 4078 reliquerunt,
458 3995 570 4097 aliquo·
581 4017 709 4080 quoque
726 4007 868 4082 tempore
885 3996 985 4083 virgo.

140 4079 223 4152 haue
239 4080 331 4150 multi
348 4080 467 4174 petiere
484 4102 586 4176 procu
604 4081 721 4175 quibus
738 4082 793 4153 illa
808 4083 942 4180 repulsis
