2800 4500
251 276 294 346 38
486 294 489 299 “
583 289 616 348 P.
635 290 759 351 OVIDII
776 289 939 350 NASONIS

184 446 188 467 ι
252 415 337 501 cepit
353 413 567 493 Atlantiades,
585 416 685 484 dictas
702 440 723 483 a
738 416 872 483 Pallade
889 428 988 482 terras

183 519 234 570 885
251 501 366 586 linquit
383 514 414 567 et
430 503 606 589 ingreditur
622 502 746 569 iactatis
764 503 892 569 aethera
908 502 1029 588 pennis.

252 599 380 652 sevocat
395 589 481 654 hunc
497 590 631 674 genitor.
674 611 734 655 neo
751 611 880 655 causam
901 590 1005 654 fassus
1024 585 1139 652 amoris

252 673 330 738 ‘fide
347 673 503 740 minister'
521 675 565 740 ait
582 676 768 752 ‘iussorum,
786 676 874 752 nate,
892 695 1045 751 meomm,

251 759 334 844 pelle
350 781 472 824 moram
489 760 645 845 solitoque
662 761 747 826 celer
763 760 910 827 delabere
927 781 1033 836 cursu,

185 886 188 897 «
251 865 397 929 quaeque
414 857 503 909 tuam
519 857 651 911 matrem
669 847 762 911 tellus
780 857 906 932 aparte
923 845 1049 911 sinistra

184 948 235 997 840
253 930 383 1015 suspicit
400 930 584 1017 (indigenae
601 929 757 998 Sidonida
773 932 900 998 nomine
917 930 1051 1014 dicunt),

252 1015 335 1080 hanc
351 1028 424 1103 pete
429 1040 438 1093 3
456 1017 606 1100 quodque
623 1017 734 1102 procul
751 1029 901 1083 montano
918 1015 1061 1103 gramine
1077 1012 1165 1101 pasci

252 1113 429 1166 armentum
446 1102 554 1186 regale
570 1101 674 1179 vides,
692 1103 734 1166 ad
750 1103 843 1167 litora
859 1103 966 1168 verte?

252 1186 340 1251 dixit.
384 1197 416 1252 ct
434 1186 558 1272 expulsi
574 1186 759 1252 iamdudum
776 1200 884 1254 monte
900 1186 1026 1254 iuvenci

251 1272 343 1336 litora
360 1271 446 1336 iussa
463 1282 588 1357 petunt,
606 1272 662 1337 ubi
680 1273 789 1359 magni
805 1274 871 1338 filia
887 1297 921 1338 re
945 1273 971 1338 's

184 1376 234 1425 845
251 1357 361 1422 ludere
379 1356 554 1442 virginibus
572 1357 677 1443 Tyriis
695 1358 844 1423 comitata
861 1360 926 1425 sole
950 1370 992 1424 at.

251 1464 316 1506 non
334 1442 415 1507 bene
433 1442 625 1508 conveniunt
641 1465 701 1509 nec
717 1445 751 1508 in
767 1467 833 1509 una
849 1443 924 1510 sede
940 1453 1103 1508 morantur

251 1528 400 1592 maiestas
418 1540 449 1593 et
467 1549 563 1591 amor.
604 1529 720 1615 sceptri
737 1529 892 1614 gravitate
908 1530 1017 1594 relicta

252 1612 305 1677 ille
321 1624 411 1697 pater
427 1624 592 1697 rectorque
610 1613 720 1691 deum,
738 1613 790 1679 cui
807 1614 918 1680 dextra
934 1613 1070 1679 trisulcis

252 1698 380 1784 ignibus
398 1711 519 1763 armata
535 1709 597 1776 est,
615 1699 768 1783 quinutu
785 1699 924 1765 concutit
940 1699 1060 1776 orbem,

184 1803 235 1852 850
252 1783 394 1849 induitur
410 1784 525 1849 faciem
542 1784 625 1849 tauri
642 1784 823 1869 mixtusque
841 1784 982 1850 iuvencis

251 1869 355 1955 mugit
372 1869 455 1935 etin
472 1870 587 1936 teneris
605 1871 762 1936 formosus
779 1871 964 1936 obambulat
980 1868 1099 1934 herbisl

252 1955 370 2040 quippe
388 1956 474 2021 color
490 1956 572 2020 nivis
590 1967 651 2033 est,
669 1977 767 2040 quam
783 1977 843 2021 nec
859 1956 994 2042 vestigia
1011 1955 1082 2020 duri

253 2042 414 2106 calcavere
432 2041 522 2127 pedis
539 2063 598 2107 nee
616 2042 710 2107 solvit
726 2041 892 2126 aquaticus
910 2052 1025 2107 auster.

253 2126 334 2191 colla
351 2126 426 2191 toris
445 2138 552 2192 extant
557 2151 566 2205 3
584 2127 679 2192 armis
696 2128 836 2213 palearia
852 2128 990 2214 pendent
995 2151 1004 2205 3

185 2230 235 2281 855
253 2234 371 2278 cornua
387 2234 486 2298 parva
502 2212 646 2296 quidem,
664 2213 722 2279 sed
738 2234 820 2299 quae
837 2213 1026 2279 contendere
1043 2211 1145 2299 possis

252 2297 338 2363 facta
354 2321 466 2375 manu,
483 2320 627 2385 puraque
643 2299 747 2385 magis
760 2299 926 2447 perlucida
942 2322 1079 2384 gemma.

252 2384 358 2448 nullae
376 2384 409 2447 in
426 2383 529 2449 fronte
548 2385 666 2460 minae,
683 2406 743 2448 nec
775 2385 959 2449 ormidabile
975 2384 1096 2449 lumen:

252 2490 364 2553 paoem
381 2469 487 2533 vultus
505 2468 610 2533 habet.
653 2468 786 2533 miratur
802 2468 954 2554 Agenore
970 2480 1055 2543 nata,

252 2554 339 2637 quod
356 2564 420 2618 tam
438 2554 610 2630 formosus,
628 2553 716 2637 quod
733 2553 853 2654 proelia
870 2555 957 2617 nulla
974 2554 1118 2620 minetur.

184 2659 235 2709 880
253 2639 323 2716 sed,
341 2639 485 2723 quamvis
503 2638 625 2714 mitem,
643 2649 756 2703 meturt
773 2638 955 2725 contingere
972 2638 1088 2725 primo:

252 2746 327 2789 mox
344 2723 411 2787 adit
428 2736 460 2789 et
476 2723 570 2789 flores
588 2724 629 2788 ad
646 2723 781 2789 candida
797 2724 930 2810 porrigit
947 2746 1012 2788 ora.

252 2810 371 2896 gaudet
388 2832 497 2873 amans
515 2820 561 2887 et,
578 2808 655 2874 dum
672 2809 779 2876 veniat
795 2820 921 2895 sperata
937 2811 1094 2959 voluptas,

252 2896 360 2960 oscula
377 2895 432 2960 dat
448 2894 595 2960 manibus
618 2894 688 2978 (vix
718 2895 796 2972 iam,
814 2895 868 2960 vix
885 2906 990 2961 cetera
1028 2895 1126 2976 iffert)

252 2991 284 3046 et
299 3002 385 3045 nunc
402 2980 514 3045 alludit
531 2980 686 3065 viridique
704 2981 823 3047 exultat
841 2980 875 3044 in
891 2980 999 3058 herba,

183 3087 233 3136 885
251 3089 336 3132 nunc
354 3067 436 3131 latus
453 3066 487 3131 in
504 3066 600 3131 fulvis
616 3067 746 3132 niveum
764 3066 893 3151 deponit
910 3065 1049 3131 harenis:

250 3151 465 3237 paulatimque
482 3162 570 3217 metu
586 3152 714 3238 dempto
731 3152 826 3217 modo
843 3161 971 3237 pectora
987 3151 1119 3237 praebet

251 3237 394 3323 virginea
410 3237 570 3322 palpanda
586 3260 697 3313 manu,
715 3238 810 3302 modo
828 3259 946 3303 cornua
962 3238 1053 3302 sertis

250 3322 452 3408 impedienda
468 3320 568 3386 novis.
611 3344 690 3386 ausa
707 3333 755 3387 est
770 3343 898 3406 quoque
914 3322 1003 3407 regia
1019 3323 1121 3410 virgo,

251 3407 358 3472 nescia
374 3428 469 3491 quem
486 3417 655 3493 premeret,
673 3418 763 3494 tergo
781 3407 943 3473 considere
961 3408 1057 3473 tauris

183 3513 234 3562 870
252 3514 323 3556 oum
342 3493 420 3557 deus
439 3503 558 3557 eterra
576 3491 723 3575 siccoque
741 3516 760 3557 a
777 3493 867 3559 litore
885 3494 1002 3559 sensim

250 3578 332 3642 falsa
348 3579 466 3664 pedum
483 3577 592 3663 primis
609 3578 744 3664 vestigia
760 3579 849 3664 ponit
865 3579 899 3643 in
915 3579 1019 3655 undis,

249 3662 324 3728 inde
341 3663 407 3728 abit
424 3663 555 3727 ulterius
572 3663 732 3746 mediique
748 3685 806 3764 per
822 3685 961 3748 aequora
976 3663 1066 3750 ponti

250 3746 312 3812 fert
328 3748 489 3832 praedam.
532 3759 628 3834 pavet
644 3748 724 3813 haec
741 3750 877 3833 latusque
895 3749 1001 3814 ablata
1017 3748 1162 3814 relictum

249 3832 391 3917 respicit,
408 3845 439 3898 et
457 3833 569 3897 dextra
585 3854 716 3898 comum
734 3845 833 3911 tenet,
851 3835 949 3899 altera
965 3834 1058 3899 dorso

183 3937 233 3990 875
251 3917 399 4004 imposita
416 3928 477 3995 est3
495 3919 648 3984 tremulae
665 3917 831 3985 sinuantur
847 3921 972 3985 flamine
990 3930 1103 3984 vestes.
