2800 4500
286 286 653 350 unrsuonrnosnon
669 289 743 346 ma.
762 286 813 347 rx.
832 290 976 348 cnr-us
1079 265 1141 383 161

123 416 155 485 in
179 439 262 485 enua
278 416 318 484 de
335 415 428 505 plebe
445 414 559 482 virum.
602 435 662 482 nec
679 435 793 482 census
809 415 843 481 in
859 415 914 482 illo

123 439 285 570 nobilitate
303 525 361 569 sua
376 501 486 580 maior,
506 502 562 568 sed
578 501 645 567 vita
661 501 804 585 fidesque

122 588 284 676 inculpata
299 589 369 654 fuit
412 588 564 674 maridas
581 586 636 671 qui
654 586 798 673 coniugis
815 609 908 652 aures

123 674 253 740 vocibus
270 674 321 740 his
336 673 474 750 monuit,
491 695 565 738 cum
581 672 646 736 iam
662 693 762 759 prope
779 683 888 758 partus
905 672 1044 739 adessetz

123 767 221 844 ‘quae
237 781 386 836 voveam,
404 759 468 824 duo
485 769 572 835 sunt,
590 757 721 822 minimo
737 769 774 822 ut
790 759 929 823 relevere
946 757 1065 836 dolore,
1161 777 1211 827 675

122 856 226 930 utque
238 840 358 911 marem
375 844 490 930 parias.
534 843 695 908 onerosior
712 843 812 909 altera
828 864 896 908 sors
914 853 972 921 est,

122 942 155 996 et
171 930 254 997 vires
270 931 399 995 fortuna
415 938 521 1030 negat.
564 928 651 1013 quod
667 928 841 1006 abominor,
858 948 935 1015 ergo

123 1014 208 1081 edita
224 1016 306 1082 forte
323 1028 378 1080 tuo
395 1014 491 1080 fuerit
509 1012 536 1079 si
552 1013 672 1079 femina
687 1024 791 1099 partu,
808 1049 853 1062 -

121 1100 240 1167 invitus
258 1101 388 1166 mando:
406 1100 522 1185 pietas,
539 1097 683 1184 ignoscet
700 1134 746 1147 -
761 1097 912 1165 necetur?

123 1185 259 1264 dixerat3
277 1197 309 1252 et
324 1184 461 1251 lacrimis
479 1185 601 1250 vultum
618 1185 725 1250 lavere
763 1184 880 1251 rofusis

121 1282 188 1337 tem
205 1271 261 1356 qui
277 1269 461 1347 mandabat,
479 1291 576 1354 quam
592 1269 645 1335 cui
661 1206 812 1336 mandata
829 1270 994 1336 dabantur.

123 1356 180 1423 sed
196 1367 302 1422 tamen
319 1377 421 1440 usque
439 1378 532 1421 suum
548 1355 639 1421 vanis
656 1354 830 1422 Telethusa
845 1355 995 1422 maritum

123 1441 270 1509 sollicitat
285 1441 447 1528 precibus,
464 1463 505 1507 ne
522 1463 611 1526 spem
629 1440 690 1508 sibi
706 1452 806 1527 ponat
821 1441 855 1507 in
872 1451 951 1507 erto.

123 1537 210 1594 certa
226 1550 285 1593 sua
301 1538 349 1593 est
365 1526 473 1612 Ligdo
490 1527 654 1593 sententia.
697 1526 827 1612 iamque
842 1527 974 1594 ferendo

122 1614 178 1679 vix
198 1623 265 1678 erat
281 1611 336 1677 illa
352 1634 484 1699 gravem
500 1623 624 1677 maturo
641 1613 782 1699 pondere
799 1624 952 1690 ventrem,

123 1720 196 1764 cum
212 1698 318 1764 medio
334 1698 437 1764 noctis
453 1697 555 1784 spatio
572 1698 633 1763 sub
649 1696 789 1784 imagine
807 1698 909 1764 somni

121 1782 250 1850 Inachis
267 1794 341 1850 ante
358 1794 477 1860 torum,
494 1804 613 1884 pompa
629 1783 779 1849 comitata
795 1805 936 1862 suorum,

122 1880 178 1934 aut
194 1868 293 1945 stetit,
311 1880 367 1934 aut
382 1868 452 1935 visa
469 1878 526 1934 est
569 1879 694 1933 merant
710 1868 834 1934 lunaria
849 1868 948 1935 fronti

12 1952 14 1955 ’
122 1975 241 2021 cornua
258 1976 331 2020 cum
348 1953 444 2040 spicis
460 1952 559 2018 nitido
576 1952 766 2019 flaventibus
784 1975 873 2032 auro,

121 2050 155 2105 et
170 2039 277 2126 regale
294 2039 402 2104 decus.
445 2059 519 2102 cum
536 2059 600 2122 qua
615 2037 748 2104 latrator
763 2038 891 2105 Anubis

122 2136 294 2209 sanctaque
310 2123 462 2189 Bubastis
479 2123 649 2208 variusque
666 2123 824 2189 coloribus
841 2124 935 2210 Apis,

121 2209 239 2296 quique
255 2208 371 2296 premit
387 2230 498 2276 vocem
517 2207 679 2295 digitoque
697 2209 822 2276 silentia
839 2210 965 2277 suadeta

122 2296 277 2381 sistraque
295 2306 397 2372 erant,
415 2316 653 2380 numquamque
671 2295 748 2361 satis
766 2296 926 2380 quaesitus
944 2293 1059 2374 Osiris,

120 2381 278 2468 plenaque
296 2380 473 2447 somniferis
490 2402 619 2467 serpens
636 2380 804 2467 peregrina
820 2383 960 2448 venenis.

121 2479 190 2532 tum
206 2467 295 2532 velut
311 2487 477 2532 excussam
494 2486 605 2531 somno
623 2477 655 2531 et
671 2466 840 2532 manifesta
856 2468 1016 2533 videntem

122 2552 168 2617 sic
184 2552 293 2618 adfata
309 2551 370 2618 dea
387 2562 451 2617 est:
468 2557 556 2637 ‘pars
574 2573 593 2616 o
611 2551 785 2618 Telethusa
801 2575 956 2631 mearum,

120 2657 204 2723 pone
220 2659 335 2723 graves
352 2659 445 2702 curas
462 2636 674 2721 mandataque
690 2636 767 2703 falle
784 2638 898 2717 mariti,

120 2744 181 2788 nec
197 2721 336 2800 dubites,
354 2744 428 2788 cum
445 2733 476 2787 te
493 2732 587 2808 partu
604 2720 730 2788 Lucina
746 2722 868 2799 levarit,

120 2808 230 2874 tollere
247 2806 399 2891 quicquid
416 2808 484 2873 erit
528 2807 588 2872 dea
605 2829 676 2871 sum
694 2807 854 2873 auxiliaris
872 2830 1029 2894 opemque

121 2902 251 2958 exorata
267 2892 351 2971 fero;
367 2914 428 2958 nec
445 2903 476 2959 te
493 2892 628 2958 coluisse
644 2893 785 2975 quereris

120 2978 280 3064 ingratum
297 2977 436 3044 numen!
479 2976 602 3042 monuit
618 2977 822 3062 thalamoque
838 2978 977 3044 recessit.

121 3064 204 3129 laeta
220 3073 289 3128 toro
308 3063 408 3150 surgit
447 3084 584 3147 urasque
602 3062 643 3127 ad
661 3062 765 3128 sidera
782 3064 916 3150 supplex

122 3145 239 3213 Cressa
254 3170 367 3213 manus
384 3085 512 3227 tolhens,
530 3157 599 3212 rata
616 3147 679 3213 sint
696 3170 755 3213 sua
771 3147 853 3225 visa,
870 3159 1028 3234 precatur.

123 3243 157 3297 ut
173 3234 264 3299 dolor
279 3234 413 3300 increvit
429 3255 526 3317 seque
543 3234 648 3319 ipsum
666 3234 790 3318 pondus
807 3234 841 3298 in
859 3256 952 3299 auras
1029 3245 1031 3249 ‘

122 3318 242 3403 expulit
260 3328 292 3384 et
307 3328 383 3384 nata
401 3330 449 3384 est
464 3319 576 3405 ignaro
594 3318 713 3384 femina
719 3331 831 3469 ¹patre,

121 3402 211 3467 iussit
228 3403 269 3468 ali
287 3413 388 3469 mater
404 3426 539 3490 puerum
556 3404 702 3483 mentita3
743 3405 879 3490 demque

120 3508 171 3551 res
189 3486 316 3564 habuit,
333 3508 437 3572 neque
454 3501 522 3554 erat
538 3489 604 3554 ficti
620 3488 681 3555 nisi
698 3490 825 3556 conscia
841 3491 959 3557 nutrix.

120 3581 195 3636 vota
211 3583 302 3658 pater
318 3572 412 3638 solvit
427 3595 606 3659 nomenque
623 3575 758 3661 imponit
775 3576 910 3641 avitum:

120 3654 210 3742 Iphis
228 3679 308 3722 avus
324 3657 438 3723 fuerat.
456 3707 461 3714 -
481 3660 591 3745 gavisa
607 3672 657 3726 est
672 3661 800 3727 nomine
818 3672 929 3738 mater,

120 3742 208 3823 quod
225 3763 393 3810 commune
410 3743 493 3809 foret
505 3765 565 3807 nec
581 3765 773 3830 quemquam
789 3746 914 3812 falleret
930 3745 994 3813 illo.

123 3824 199 3890 inde
225 3823 353 3911 incepta
378 3827 432 3913 pia
455 3828 620 3894 mendacia
637 3831 750 3895 fraude
766 3829 918 3894 latebant.

120 3914 224 3980 cultus
242 3925 310 3980 erat
326 3914 431 4001 pueri3
449 3914 562 3991 facies,
580 3935 675 3998 quam
694 3916 761 3980 sive
778 3916 907 4000 puellae

119 3999 188 4067 sive
203 3999 296 4065 dures
313 4021 423 4086 puero,
440 3999 529 4065 fieret
546 3999 704 4064 formosus
721 4010 866 4084 uterque.

119 4085 229 4150 tertius
247 4084 368 4152 interea
386 4084 508 4151 decimo
525 4093 721 4150 successerat
736 4107 853 4152 annus:

170 4184 324 4235 osteum
937 4186 972 4245 11
