2800 4500
228 279 291 347 174
427 275 429 280 ’
560 293 594 348 P.
614 293 739 351 ovmn
755 291 918 351 ursolus
959 274 961 277 ’

226 415 391 482 vicimus.'’
434 415 545 482 infelix
562 437 626 481 non
643 426 710 482 toto
727 422 854 502 pectore
873 415 967 482 sentit

226 502 378 567 laetitiam
396 501 498 588 virgo,
516 521 734 587 praesagaque
751 513 880 588 pectora
896 512 1046 568 maerent.

159 607 209 657 445
227 587 283 653 scd
300 597 405 651 tamen
423 601 455 651 et
471 587 605 672 gaudet:
624 598 712 652 tanta
729 599 777 653 est
795 587 951 652 discordia
968 588 1092 654 mentis.

226 683 351 758 tempus
369 685 449 748 erat,
469 693 532 756 quo
551 684 665 738 cuncta
683 672 791 750 silent,
808 673 952 756 interque
970 674 1087 739 triones

225 758 356 823 flexerat
373 757 503 841 obliquo
520 758 698 860 plaustrum
716 769 841 823 temone
858 758 993 823 Bootes:

144 890 146 893 ψ
227 843 268 908 ad
285 843 409 907 facinus
426 841 584 908 venit1lla
601 864 705 907 sunm.
749 843 833 927 fugit
849 865 946 908 aurea
963 844 1051 908 caelo

225 923 313 1006 luna,
330 940 443 1014 tegunt
459 928 569 1013 nigrae
586 927 743 992 latitantia
761 929 865 993 sidera
881 928 993 1005 nubes,

157 1033 209 1082 450
226 1037 291 1078 nox
308 1026 393 1079 caret
411 1014 486 1098 igne
504 1034 572 1077 suo.
615 1013 737 1099 primus
755 1013 851 1099 tegis,
870 1014 977 1091 Icare‚
995 1014 1112 1093 vultus,

226 1099 430 1185 Erigoneque
447 1098 500 1183 pio
518 1111 642 1163 sacrata
658 1098 797 1184 parentis
815 1120 932 1163 amore.

226 1197 275 1250 ter
292 1183 383 1270 pedis
400 1183 513 1249 offensi
531 1184 556 1247 si
603 1205 621 1247 o
641 1196 687 1249 est
705 1194 866 1262 revocata,
885 1195 933 1250 ter
949 1205 1043 1249 omen

226 1270 377 1336 funereus
393 1268 480 1333 bubo
496 1268 527 1334 le
573 1268 581 1285 ⁶
601 1269 739 1336 carmine
756 1269 841 1335 fecit.

226 1355 251 1420 it
268 1365 389 1419 tamen:
408 1365 440 1419 et
458 1354 605 1419 tenebrae
623 1355 770 1419 minuunt
787 1375 914 1439 noxque
931 1364 1000 1420 atra
1017 1356 1186 1441 pudorem:

158 1458 209 1509 455
227 1439 421 1522 nutricisque
438 1462 568 1504 manum
583 1438 676 1505 laeva
693 1451 793 1517 tenet,
811 1442 910 1506 altera
926 1452 1016 1505 motu

227 1548 357 1592 caecum
374 1525 435 1598 iter
452 1524 605 1612 explorat.
648 1524 779 1590 thalami
796 1526 860 1590 iam
877 1526 986 1590 limina
1003 1526 1115 1612 tangit,

226 1612 353 1695 iamque
370 1610 454 1675 fores
472 1609 587 1696 aperit,
603 1609 668 1675 iam
686 1610 812 1675 ducitur
827 1610 922 1675 intus.
967 1611 1075 1676 atilli·

226 1697 346 1783 poplite
364 1695 515 1771 ,succiduo
533 1717 639 1781 genua
655 1695 861 1773 intremuere,
877 1696 1025 1796 fugitque

212 1787 259 1848 'et
276 1782 361 1847 color
378 1791 409 1847 et
426 1782 570 1868 sanguis,
587 1781 775 1866 animusque
792 1781 941 1865 relinquit
957 1793 1095 1848 euntem.

159 1885 211 1934 460
228 1889 355 1952 quoque
372 1889 430 1933 suo
447 1867 576 1952 propior
592 1866 704 1932 sceleri
721 1878 783 1945 est,
800 1867 903 1953 magis
921 1867 1041 1945 horret,
1059 1880 1091 1933 et
1109 1869 1178 1935 ausi
1243 1880 1260 1932 i

227 1953 380 2040 paenitet,
399 1964 431 2018 et
447 1953 543 2019 vellet
558 1973 623 2018 nou
641 1952 769 2039 cognita
785 1975 879 2038 posse
895 1953 1021 2019 reverti.

229 2049 429 2104 cunctantem
445 2037 603 2124 longaeva
619 2061 718 2103 manu
736 2038 877 2116 deducit,
895 2049 927 2103 et
944 2039 1008 2103 alto

228 2124 389 2190 admotam
405 2123 488 2188 lecto
505 2145 579 2189 cum
596 2123 749 2201 traderet,
767 2124 931 2209 “accipe’'
950 2123 1038 2200 dixit,

169 2226 172 2235 ·
229 2210 315 2275 “ista
331 2220 387 2274 tua
404 2219 466 2287 est,
485 2206 645 2296 Cinyra;'’
664 2209 843 2294 devotaque
860 2230 992 2296 corpora
1008 2209 1121 2278 iunxit.

160 2311 211 2362 465
230 2295 344 2381 accipit
361 2295 498 2361 obsceno
515 2295 641 2381 genitor
657 2318 717 2360 sua
733 2294 856 2362 viscera
872 2297 965 2374 lecto,

190 2400 196 2407 ·
228 2381 450 2467 virgineosque
468 2392 571 2446 metus
586 2380 674 2446 levat
690 2381 895 2464 hortaturque
913 2381 1086 2448 timentem.

229 2466 361 2531 forsitan
378 2465 488 2530 aetatis
506 2486 633 2550 quoque
650 2466 778 2532 nomine
795 2466 909 2531 “filia''
929 2466 1021 2532 dixit:

229 2551 309 2616 dixit
332 2563 362 2617 et
380 2552 434 2615 illa
451 2551 597 2636 “pater‚’'
615 2551 725 2616 sceleri
741 2574 783 2617 ne
799 2552 929 2617 nomina
946 2552 1058 2618 desint.

229 2638 324 2722 plena
340 2636 438 2721 patris
455 2635 600 2701 thalamis
618 2636 742 2701 excedit
760 2646 792 2702 et
807 2637 907 2723 impia
924 2637 992 2702 diro

160 2738 212 2788 470
230 2722 351 2787 semina
367 2721 429 2786 fert
446 2734 535 2786 utero
553 2733 770 2807 conceptaque
787 2723 919 2788 crimina
935 2734 1050 2824 portat.

229 2819 356 2894 postera
372 2828 437 2870 nox
453 2806 577 2872 facinus
595 2807 751 2892 geminat3
768 2830 828 2873 nec
845 2809 916 2873 finis
934 2833 966 2873 m
983 2809 1038 2874 illa
1055 2819 1118 2875 est:

229 2915 303 2960 cum
320 2893 447 2957 tandem
467 2890 616 2977 Cinyras,
635 2892 748 2958 avidus
766 2915 956 2979 cognoscere
974 2906 1132 2961 amantem

229 2989 302 3064 post
318 2988 366 3042 tot
383 2978 582 3056 concubitus,
600 2978 688 3043 illato
705 2978 824 3044 lumine
841 2979 921 3044 vidit

230 3076 262 3129 et
279 3065 382 3128 scelus
400 3075 431 3127 et
448 3074 571 3128 natam:
591 3064 759 3148 verbisque
776 3064 884 3130 dolore
901 3063 1029 3131 retentis

161 3166 212 3215 475
254 3148 380 3214 audenti
397 3149 532 3213 nitidum
549 3149 666 3234 vagina
683 3149 798 3234 deripit
815 3173 931 3215 ensem.

269 3233 365 3320 yrrha
382 3234 480 3319 fugit,
498 3234 698 3318 tenebrisque
716 3247 748 3300 et
765 3256 878 3300 caecae
896 3259 1026 3301 munere
1043 3235 1145 3302 noctis

229 3320 404 3404 intercepta
420 3318 489 3384 neci
508 3330 571 3397 cst;
588 3320 732 3403 latosque
749 3331 866 3404 vagata
882 3342 939 3406 per
956 3344 1050 3407 agros

229 3405 411 3490 palmiferos
428 3404 556 3470 Arabas
572 3404 807 3488 Panchaeaque
824 3428 898 3470 rura
914 3406 1072 3490 relinquit.

230 3512 349 3575 perque
366 3512 482 3555 novem
500 3490 616 3555 erravit
632 3490 793 3555 redeuntia
811 3512 930 3555 cornua
946 3492 1051 3571 lunae,

161 3593 213 3642 480
231 3598 304 3639 cum
321 3577 449 3639 tandem
467 3585 550 3640 terra
567 3574 722 3659 requierit
739 3575 825 3641 fessa
843 3574 978 3642 Sabaea.

231 3661 346 3744 vixque
364 3659 446 3724 uteri
462 3660 609 3745 portabat
626 3681 716 3724 onus.
760 3672 827 3725 tum
844 3661 951 3727 nescia
969 3662 1034 3727 voti

231 3757 326 3829 atque
343 3746 425 3810 inter
441 3745 613 3828 mortisque
630 3756 735 3810 metus
752 3757 785 3810 et
802 3746 907 3812 taedia
924 3747 1008 3813 vitae

231 3843 279 3895 est
295 3829 374 3895 tales
392 3830 558 3915 complexa
573 3852 698 3916 preces:
717 3836 762 3895 “o
779 3831 807 3895 si
825 3853 889 3915 qua
904 3834 1018 3919 patetis

230 3915 362 3980 numina
378 3915 544 3980 confessis:
562 3917 678 3992 merui,
694 3939 754 3981 nec
771 3915 859 3981 triste
876 3939 988 3983 recuso

162 4021 213 4074 aaa
231 3999 431 4085 supplicium.
474 4000 530 4065 sed
547 4022 588 4065 ne
605 4000 720 4066 violem
738 4002 827 4067 vivos
850 4024 891 4068 ue
909 4014 1068 4089 superstes
1178 4001 1180 4004 ’
1257 3997 1259 4001 “

234 4095 422 4171 mortuaque
440 4083 607 4165 extinctos,
626 4086 781 4154 ambobus
797 4023 905 4176 pdlite
921 4089 1040 4176 regnis,
