2800 4500
265 263 287 328 2
600 277 635 332 Ρ.
653 276 778 335 OVIDII
794 275 957 334 NASONIS

167 472 175 490 ς
266 399 420 487 principio
438 411 568 480 terram,
585 424 626 468 ne
643 423 709 467 non
726 402 865 487 aequalis
883 401 924 467 ab
942 402 1029 467 omni

216 505 249 556 85
266 499 356 572 parte
373 487 469 565 foret,
487 510 538 551 ma
584 488 592 504 '
611 486 750 573 speciem
767 487 955 574 glomeravit
971 489 1004 553 in
1022 488 1117 555 orbis,

267 585 336 638 tum
361 572 442 638 freta
460 510 594 639 diffuditJ
604 572 785 658 rapidisque
803 586 977 640 tumescere
995 575 1096 640 ventis

266 656 358 721 iussit
375 670 407 723 et
423 657 561 723 ambitae
578 657 774 724 circumdare
789 659 883 724 litora
898 670 1011 726 terrae.

267 742 390 808 addidit
406 753 438 809 et
454 741 559 808 fontes
576 755 608 809 et
624 743 898 830 stagnaimmensa
914 746 1076 830 lacusque,

267 829 461 912 fluminaque
479 829 616 913 obliquis
634 830 732 894 cinxit
749 829 883 896 declivia
898 831 987 917 ripis,

216 935 251 983 40
268 936 365 998 quae,
383 915 509 981 diversa
524 915 616 992 locis,
634 915 750 1001 partim
766 915 934 981 sorbentur
951 916 1088 1002 abipsa,

267 1001 301 1065 in
318 1023 405 1067 mare
422 1001 611 1087 perveniunt
627 1001 752 1086 partim,
770 1022 946 1087 campoque
962 1014 1090 1088 recepta

266 1086 421 1152 liberioris
438 1108 539 1170 aquae
556 1107 614 1173 pro
631 1086 709 1171 ripis
725 1085 817 1151 litora
832 1088 970 1172 pulsant

267 1172 360 1238 iussit
377 1182 409 1238 et
426 1172 554 1238 extendi
571 1193 714 1258 campos,
731 1172 895 1238 subsidere
913 1173 1021 1250 valles,

267 1257 381 1323 fronde
398 1258 463 1343 tegi
481 1257 586 1333 silvas,
604 1257 763 1342 lapidosos
780 1279 910 1343 surgere
926 1271 1060 1325 montes.

217 1363 251 1412 45
267 1354 366 1428 utque
383 1342 465 1409 duae
482 1343 594 1408 dextra
609 1343 733 1408 caelum
748 1342 942 1427 totidemque
958 1344 1086 1411 sinistra

268 1441 358 1516 parte
376 1440 485 1494 secant
501 1450 616 1505 zonae,
634 1428 745 1513 quinta
762 1441 810 1495 est
826 1431 985 1495 ardentior
1001 1432 1076 1496 illis:

269 1514 315 1580 sic
332 1536 412 1579 onus
430 1514 589 1580 inclusum
605 1536 738 1585 numero
756 1514 899 1581 distinxit
915 1517 1027 1582 eodem

269 1621 346 1666 cura
364 1599 429 1676 dei,
446 1599 642 1684 totidemque
659 1600 774 1686 plagae
791 1601 902 1666 tellure
919 1611 1116 1686 premuntur.

268 1707 404 1769 quarum
421 1707 504 1769 quae
520 1686 626 1752 media
643 1696 705 1762 est,
722 1707 787 1750 non
804 1698 852 1751 est
870 1686 1049 1752 habitabilis
1066 1695 1170 1752 aestu:

218 1791 251 1840 50
268 1771 325 1837 nix
341 1771 420 1857 tegit
437 1772 501 1836 alta
518 1771 612 1849 duas3
630 1772 761 1836 totidem
778 1771 860 1837 inter
876 1783 1042 1857 utramque
1059 1770 1175 1837 locavit

269 1856 516 1942 temperiemque
533 1857 620 1923 dedit
636 1856 738 1922 mixta
754 1879 827 1923 cum
844 1857 962 1944 frigore
978 1859 1117 1923 flamma.

268 1942 411 2008 imminet
427 1942 476 2007 his
494 1948 558 2008 a’e‘r.
601 1943 671 2026 qui,
689 1955 808 2027 quanto
824 1953 874 2008 est
890 1944 1029 2028 pondere
1047 1955 1149 2009 terrae

267 2028 392 2129 pondus
409 2050 511 2112 aquae
527 2028 644 2106 levius,
661 2040 750 2094 tanto
767 2039 816 2095 est
832 2029 992 2095 onerosior
1007 2028 1086 2115 igni

228 2130 231 2142 ²
267 2114 332 2179 rllic
348 2124 382 2179 et
397 2114 544 2192 nebulas,
561 2115 626 2180 illic
643 2113 815 2181 consistere
831 2115 933 2181 nubes

217 2217 250 2268 tt
267 2198 359 2265 iussit
375 2210 407 2266 et
423 2198 579 2266 humanas
595 2211 722 2265 motura
737 2200 876 2266 tonitrua
892 2211 1014 2267 mentes

268 2297 301 2351 et
318 2307 391 2351 cum
408 2285 594 2351 fulminibus
610 2286 763 2352 facientes
781 2286 901 2372 frigora
917 2299 1038 2352 ventos.

267 2370 317 2436 his
335 2392 462 2456 quoque
478 2391 543 2436 non
560 2371 678 2456 passim
694 2372 806 2436 mundi
823 2373 993 2438 fabricator
1010 2370 1192 2437 habendum

269 2460 343 2521 adra
359 2455 515 2541 permisit3
533 2456 588 2521 vix
604 2478 690 2522 nunc
707 2456 871 2522 obsistitur
886 2458 958 2536 illis,

269 2562 343 2606 cum
360 2563 418 2606 sna
435 2541 570 2625 quisque
586 2553 698 2627 regant
716 2543 840 2608 diverso
858 2544 987 2608 flamina
1003 2553 1115 2620 tractu,

218 2646 252 2696 60
269 2626 346 2710 quin
362 2626 482 2691 lanient
498 2627 667 2692 muudum:
685 2638 774 2692 tanta
791 2639 839 2694 est
855 2629 1013 2694 discordia
1028 2628 1172 2695 fratrum.

268 2734 363 2777 eurus
381 2712 423 2776 ad
440 2734 586 2777 auroram
602 2712 831 2797 Nabataeaque
847 2736 947 2800 regna
963 2715 1093 2780 recessit

267 2795 465 2880 Persidaque
483 2808 515 2862 et
531 2798 627 2863 radiis
644 2800 721 2884 iuga
739 2800 868 2865 subdita
883 2801 1055 2865 matutinis.

267 2905 381 2967 vesper
398 2893 444 2959 et,
463 2883 594 2948 occiduo
611 2905 693 2968 quae
710 2884 802 2949 litora
818 2886 884 2951 sole
901 2896 1076 2972 tepescunt,

267 2968 413 3117 proxima
429 2979 502 3033 sunt
519 2969 674 3055 zephyros
693 2968 858 3055 Scythiam
875 2986 1060 3057 septemque
1077 2970 1194 3038 triones

218 3076 250 3125 65
291 3053 404 3118 orrifer
419 3053 536 3119 invasit
552 3055 675 3120 boreas.
720 3056 877 3122 contraria
893 3057 986 3122 tellus
1073 3134 1079 3145 ἱ

267 3138 406 3203 nubibus
424 3138 558 3205 assiduis
575 3141 747 3226 pluvioque
764 3142 917 3208 madescit
934 3142 975 3207 ab
992 3153 1108 3207 austro.
1135 3162 1139 3166 ’

266 3223 347 3289 haec
363 3246 459 3310 super
474 3225 625 3311 imposuit
642 3226 798 3310 liquidum
815 3238 846 3293 et
862 3227 1017 3313 gravitate
1035 3237 1194 3294 carentem

269 3308 397 3375 aethera
412 3332 473 3376 nee
490 3312 659 3395 quicquam
677 3324 820 3379 terrenae
836 3313 934 3378 faecis
951 3313 1129 3380 habentem.

267 3393 323 3460 vix
337 3395 382 3459 ita
394 3394 545 3461 limitibus
562 3397 774 3484 dissaepserat
790 3398 896 3463 omnia
913 3400 1015 3477 certis,

217 3502 250 3551 πο
268 3501 356 3556 cum,
373 3500 456 3563 quae
473 3504 583 3567 pressa
600 3482 655 3547 diu
671 3507 777 3548 massa
793 3485 913 3549 latuere
931 3485 992 3550 sub
1009 3484 1075 3562 illa,

266 3564 371 3632 sidera
388 3577 559 3651 coeperrmt
575 3578 642 3633 toto
659 3568 865 3636 effervescere
882 3571 980 3636 caelo.

266 3672 330 3715 neu
347 3651 435 3737 regio
452 3652 534 3718 foret
551 3653 617 3718 ulla
633 3655 699 3719 suis
718 3656 907 3721 animalibus
924 3657 1012 3733 orba,

267 3746 352 3800 astra
368 3746 476 3802 tenent
494 3739 628 3804 caeleste
646 3740 749 3804 solum
765 3741 951 3825 formaeque
969 3741 1110 3819 deorum,

266 3834 429 3887 cesserunt
444 3821 550 3888 nitidis
567 3824 758 3891 habitandae
774 3825 914 3911 piscibus
930 3827 1046 3904 undae,

136 3955 139 3960 «
217 3925 249 3976 75
266 3917 350 3972 terra
367 3906 451 3974 feras
469 3909 566 3994 cepit,
584 3910 729 3976 volucres
746 3911 905 3996 agitabilis
922 3918 987 3977 aer.

309 3989 458 4060 Sanctius
476 3993 526 4060 his
543 3995 658 4060 animal
676 3996 852 4080 mentisque
870 3997 1018 4083 capacius
1036 3998 1118 4063 altae
1169 4031 1274 4086 &mio

266 4076 373 4146 deerat
390 4078 508 4158 adhuc,
526 4090 558 4147 et
574 4082 661 4170 quod
679 4082 834 4152 dominari
850 4084 884 4151 in
900 4094 1005 4152 cetera
1020 4095 1138 4173 posset.
1166 4101 1283 4160 umbo.
