2800 4500
220 254 284 326 5266
388 310 391 317 a
555 268 915 332 00010000οο00
984 272 986 277 ‘

221 396 312 462 ‘siste
328 392 479 474 modum,’
498 394 577 461 dixit
594 402 713 481 ‘neque
731 397 815 462 enim
831 397 960 463 fortuna
976 396 1139 483 querenda

97 548 104 557 ,
152 504 157 539 t
222 483 290 547 0010
306 492 362 546 tua
379 494 436 546 est.
480 482 597 547 similes
615 482 749 547 aliorum
766 483 887 569 respice
904 505 1010 549 casus:

154 587 203 636 005
222 567 328 631 mitius
345 567 407 631 ista
422 567 515 632 feres.
558 567 744 652 utinamque
762 570 908 654 exempla
924 570 1083 635 dolentem

221 673 285 717 non
302 674 374 717 mea
390 664 422 717 te
438 664 569 739 possent
585 654 740 718 relevarel
767 655 824 720 sed
839 665 873 719 et
888 676 961 719 mea
978 666 1120 740 possunt.

220 737 318 802 fando
335 737 474 818 aliquem
486 738 699 822 Hippolytum
717 752 839 804 vestras
855 761 985 825 ‘quoque
1003 740 1134 826 contigit
1152 760 1245 805 aures

220 819 405 884 credulitate
412 819 521 904 patris,
531 820 702 886 sceleratae
713 832 744 886 et
753 821 865 885 frande
873 841 1028 884 novercae
1041 827 1243 896 [fflippozytna

153 952 158 965 0
222 905 408 971 occubuisse
425 903 506 970 neci.
548 903 718 980 mirabere,
736 902 852 986 vixque
869 901 1027 988 probabo:

155 1012 204 1062 500
222 991 278 1057 sed
295 1001 402 1057 tamen
418 990 471 1055 ille
489 1011 549 1074 ego
567 1012 648 1061 sunu
691 1011 742 1052 me
759 987 951 1073 Pasiphaeia
968 986 1130 1070 quondam

222 1087 411 1163 temptatum
428 1075 559 1150 frustra,
578 1074 715 1160 patrium
732 1083 885 1138 temerare
903 1073 1017 1150 cubile,

222 1162 309 1246 quod
326 1160 441 1236 voluit,
465 1160 603 1225 voluisse
628 1160 739 1225 infelix
767 1157 898 1223 crimine
914 1179 1007 1222 verso

222 1246 386 1323 (indiciine
402 1256 491 1310 metu
506 1243 624 1326 magis,
642 1243 804 1308 offensane
820 1243 1000 1326 repulsae?)

223 1328 395 1404 damnavit,
413 1328 624 1411 meritumque
640 1327 719 1391 nihil
736 1336 828 1411 pater
844 1326 919 1392 eicit
934 1325 1025 1405 urbe,

159 1432 207 1483 505
225 1411 393 1495 hostilique
411 1421 507 1495 caput
523 1431 617 1495 prece
635 1410 809 1474 detestatur
825 1410 938 1474 euntis.

225 1496 387 1561 Pittheam
403 1495 542 1595 profugo
560 1516 655 1560 curru
672 1494 838 1559 Troezena
854 1495 1013 1579 petebam,

225 1583 352 1665 iamque
370 1577 566 1646 Corinthiaci
583 1580 753 1664 carpebam
769 1579 861 1644 litora
877 1581 977 1665 ponti,

182 1737 184 1740 ,
226 1689 299 1732 cum
317 1688 404 1731 mare
421 1665 571 1741 surrexit,
589 1665 798 1748 cumulusque
815 1665 961 1730 immanis
979 1687 1134 1749 aquarum

152 1806 156 1814 ,
226 1752 259 1816 in
276 1752 391 1816 montis
409 1750 548 1837 speciem
565 1750 689 1814 curvari
707 1760 739 1814 et
756 1771 896 1816 crescere
913 1750 1000 1815 visus

159 1860 209 1909 510
226 1849 258 1902 et
275 1837 351 1903 dare
367 1836 509 1922 mugitus
526 1856 714 1919 summoque
732 1835 895 1901 cacumine
911 1836 1000 1900 findi.

227 1922 373 2007 corniger
389 1921 463 1987 hinc
479 1931 590 1987 taurus
606 1920 708 2006 ruptis
726 1920 893 2006 expellitur
909 1922 1014 1997 undis,

226 2008 470 2095 pectoribusque
487 2019 580 2073 tenus
596 2007 708 2071 molles
726 2018 848 2072 erectus
864 2007 898 2071 in
915 2029 1008 2071 auras

226 2093 356 2159 naribus
374 2105 406 2158 et
421 2092 531 2181 patulo
547 2104 671 2194 partem
686 2092 783 2156 maris
801 2091 919 2157 evomit
936 2113 1000 2157 ore.

227 2180 324 2244 corda
340 2189 458 2265 pavent
475 2188 639 2256 comrtum3
656 2176 735 2242 mihi
751 2200 842 2244 mens
859 2177 1002 2243 interrita
1017 2175 1144 2256 mansit,
1235 2227 1241 2235 ,

159 2288 208 2337 515
227 2265 329 2331 exiliis
346 2275 494 2331 contenta
510 2264 591 2330 suis:
609 2285 683 2329 cnm
701 2264 782 2329 00110
799 2264 920 2329 feroces

227 2351 269 2415 ad
286 2350 367 2416 freta
384 2360 573 2417 convertunt
590 2349 781 2433 arrectisque
798 2350 928 2415 auribus
944 2348 1073 2414 horrent

227 2435 450 2536 quadrupedes
466 2435 663 2519 monstrique
680 2446 769 2499 metu
785 2434 954 2499 turbantur
969 2446 1002 2500 et
1019 2434 1089 2499 altis

226 2519 435 2605 praecipitant
451 2542 579 2585 currum
597 2519 747 2605 scopulis.
789 2542 850 2605 ego
868 2521 984 2586 ducere
1001 2543 1084 2585 vana

227 2605 317 2671 frena
334 2628 431 2670 manu
449 2605 568 2691 spumis
586 2604 766 2670 albentibus
784 2605 883 2670 oblita
899 2605 1011 2684 luctor,

159 2713 210 2763 520
227 2702 260 2756 et
276 2701 360 2755 retro
377 2692 478 2756 lentas
496 2689 592 2755 tendo
609 2689 777 2776 resupinus
794 2690 946 2757 habenas.

226 2798 286 2841 nec
303 2775 386 2841 vires
404 2788 510 2841 tamen
528 2776 585 2841 has
602 2775 707 2841 rabies
725 2787 905 2862 superasset
921 2797 1087 2860 equorum,

226 2861 261 2926 ni
277 2874 362 2938 rota,
380 2872 568 2947 perpetuum
585 2883 650 2946 qua
666 2861 919 2928 circumvertitur
935 2884 1038 2939 axem,

227 2946 341 3032 stipitis
358 2967 492 3011 occursu
508 2946 610 3013 fracta
626 2968 664 3011 ac
681 2946 812 3013 disiecta
828 2947 949 3013 fnisset.

228 3032 371 3098 excutior
387 3055 495 3097 curru:
513 3032 652 3116 lorisque
669 3033 850 3098 tenentibus
867 3045 955 3098 artus

160 3141 209 3190 525
227 3117 349 3183 viscera
366 3116 440 3182 viva
456 3117 540 3182 trahi
556 3138 733 3199 nervosque
749 3118 783 3182 in
800 3118 897 3205 stirpe
913 3117 1022 3194 teneri,

227 3203 370 3267 membra
386 3202 455 3289 rapi
466 3203 587 3352 partim
603 3203 782 3288 partimque
798 3225 948 3352 reiprensa
964 3203 1109 3286 relinqui,

228 3310 300 3352 ossa
316 3310 448 3374 gravem
488 3309 541 3353 are
557 3288 660 3352 fracta
678 3310 806 3365 sonum,
838 3310 1004 3373 essemque
1021 3289 1145 3353 videres

228 3374 346 3437 exalari
364 3374 515 3449 animam,
533 3374 700 3456 nullasque
717 3373 751 3437 in
769 3395 900 3458 corpore
917 3387 1032 3459 partes,

155 3509 157 3516 ,
227 3480 357 3523 noscere
375 3481 454 3542 quas
471 3480 592 3544 posses.
635 3478 799 3541 unumque
816 3470 885 3524 erat
901 3460 1007 3524 omnia
1022 3459 1148 3524 vulnus.

160 3563 211 3613 500
227 3566 305 3607 num
321 3554 411 3692 potes
429 3557 485 3609 aut
501 3543 600 3608 audes
617 3542 700 3609 cladi
718 3564 905 3628 componere
922 3556 1059 3621 nostrae,

228 3651 327 3714 nymp
350 3651 384 3705 a,
401 3628 508 3693 tuam?
533 3628 600 3693 vidi
616 3649 745 3712 quoque
762 3651 862 3714 regna
880 3630 1019 3696 carentia
1036 3630 1117 3706 lucc,

229 3727 261 3779 et
278 3715 418 3778 lacerum
434 3714 501 3778 fovi
518 3713 785 3799 Phlegethontide
802 3736 916 3800 corpus
933 3714 967 3779 in
985 3716 1081 3779 unda.
1168 3774 1172 3780 ,

228 3820 303 3875 000,
320 3798 380 3862 nisi
399 3798 587 3884 Apollineae
604 3798 710 3864 valido
727 3798 936 3865 medicamine
952 3801 1060 3885 prolis,

155 3925 162 3948 t
228 3882 351 3949 reddita
367 3883 434 3947 vita
451 3883 542 3948 foret.
586 3905 682 3967 quam
699 3896 869 3969 postquam
886 3885 1021 3950 fortibus
1038 3884 1145 3950 herbis

162 3987 210 4038 005
228 3978 323 4050 atque
341 3989 401 4115 ope
418 3967 575 4046 Paeonia,
593 3968 670 4034 Dite
687 3969 886 4054 indignante,
902 3970 1019 4120 recepi,

228 4062 295 4118 tum
314 4074 358 4116 mr
380 4076 406 4130 1,
423 4073 464 4118 ne
481 4074 630 4137 praesens
648 4076 799 4140 augerem
815 4056 955 4123 muueris
993 4056 1065 4132 uiua
