2800 4500
556 295 590 352 Ρ.
608 293 733 353 OVIDII
749 289 913 352 NASONIS

570 518 686 574 LIBER
704 515 902 575 SEPTIMUS.

227 675 361 759 Iamque
377 675 494 740 fretum
506 675 639 761 Minyae
651 674 819 760 Pagasaea
835 696 943 760 puppe
960 672 1120 749 secabant,
1132 670 1214 727 1⁰³⁰n
1225 676 1249 722 0²
1304 742 1307 749 ,

226 772 444 912 perpetuaque
461 761 588 826 trahens
605 760 734 845 inopem
752 760 812 824 suh
829 772 923 825 nocte
940 769 1101 825 senectam
1138 740 1239 795 Medea.

258 847 369 912 hineus
387 847 475 911 visus
492 858 573 925 erat,
589 846 784 929 iuvenesque
801 844 963 929 Aquilone
980 844 1076 910 creati

168 992 171 998 .
228 931 386 1018 virgineas
403 932 548 997 volucres
564 930 673 996 miseri
689 931 774 996 senis
791 952 845 996 ore
862 931 1022 1016 fugarant,

195 1037 211 1087 5
229 1019 391 1102 multaque
407 1017 548 1104 perpessi
566 1018 651 1082 claro
667 1016 728 1082 sub
745 1016 860 1082 Iasone
878 1016 1007 1081 tandem

182 1101 185 1106 ’
228 1104 425 1190 contigerant
441 1103 568 1188 rapidas
584 1102 689 1167 limosi
705 1101 854 1167 Phasidis
871 1101 983 1167 undas.

228 1189 369 1273 dumque
387 1188 505 1254 adeunt
520 1211 629 1290 regem
645 1186 849 1270 Phrixeaque
866 1188 983 1253 vellera
999 1195 1144 1271 poscunt,

184 1290 186 1293 ’
227 1275 343 1358 lexque
359 1275 453 1339 datur
468 1274 590 1359 Minyis
607 1296 640 1337 m
706 1294 797 1337 orum
814 1273 971 1337 horrenda
987 1272 1143 1349 laborum,
1251 1327 1254 1332 .

166 1402 170 1431 ι
229 1361 367 1445 concipit
382 1361 503 1425 interea
519 1359 640 1424 validos
691 1358 788 1423 eetias
805 1359 905 1444 ignes,

180 1465 212 1514 10
230 1457 262 1512 et
277 1446 397 1510 luctata
414 1445 483 1522 diu,
501 1456 670 1529 postquam
686 1443 809 1508 ratione
826 1444 966 1508 furorem

229 1531 355 1596 vincere
372 1552 436 1595 non
476 1541 590 1606 oterat,
608 1530 756 1606 ‘frustra
772 1529 906 1606 Medea,
923 1549 1096 1614 repugnas:

229 1616 336 1682 nescio
354 1616 426 1700 quis
465 1637 522 1682 eus
540 1615 657 1679 obstat'
677 1614 731 1678 ait.
774 1615 982 1698 ‘mirumque,
999 1613 1061 1678 nisi
1077 1612 1138 1679 hoc
1156 1623 1204 1678 est

230 1713 286 1767 aut
303 1701 422 1785 aliquid
440 1712 524 1766 certe
542 1701 643 1765 simile
660 1700 749 1776 huic,
767 1699 855 1783 quod
871 1722 977 1764 amare
994 1710 1135 1764 vocatur.

229 1810 303 1852 nam
322 1809 378 1852 cur
394 1786 482 1852 iussa
497 1786 596 1872 patris
612 1785 746 1850 nimium
763 1785 841 1849 mihi
858 1784 938 1849 dura
954 1784 1119 1850 videntur?

182 1893 214 1942 15
232 1883 306 1937 sunt
323 1884 450 1957 quoque
468 1872 547 1937 dura
563 1872 667 1936 nimis.
711 1893 777 1949 cur,
795 1892 893 1955 quem
909 1870 1004 1934 modo
1022 1869 1158 1954 denique
1175 1869 1251 1947 vidi,

229 1979 270 2022 ne
287 1969 410 2043 pereat,
428 1957 543 2023 timeo?
560 1978 643 2041 quas
660 1955 740 2022 tanti
758 1978 855 2022 causa
871 1956 1012 2021 timoris?

230 2056 343 2109 excute
360 2043 503 2129 virgineo
520 2053 689 2129 conceptas
706 2054 833 2128 pectore
850 2042 1004 2120 flammas,

231 2129 258 2194 si
298 2140 380 2207 ctes,
397 2128 555 2195 infelix...
591 2128 618 2194 si
635 2150 775 2214 possem,
794 2127 899 2193 sanior
916 2126 1032 2193 esseml

231 2152 296 2281 seri
303 2225 416 2302 gravat
431 2214 564 2281 invitam
580 2236 665 2280 nova
681 2214 730 2279 vis
735 2238 745 2293 3
762 2214 913 2299 aliudque
930 2212 1056 2299 cupido,

179 2320 213 2372 20
230 2324 319 2366 mens
337 2301 424 2366 aliud
440 2302 562 2366 suadet.
605 2301 698 2366 video
715 2298 846 2365 meliora
861 2300 1039 2385 proboque:

231 2387 385 2451 deteriora
402 2407 526 2470 sequor.
570 2385 647 2468 quid
663 2385 698 2451 in
714 2385 853 2470 hospite,
870 2385 959 2470 regia
975 2385 1077 2469 virgo,

230 2472 330 2537 ureris
348 2483 380 2537 et
397 2472 552 2537 thalamos
569 2471 664 2536 alieni
680 2470 820 2555 concipis
838 2470 942 2535 orbis?

230 2557 309 2621 haec
327 2577 453 2641 quoque
470 2567 554 2622 terra
570 2566 684 2640 potest,
702 2557 788 2639 quod
805 2578 903 2631 ames,
921 2556 1006 2620 dare.
1037 2554 1125 2619 vivat
1142 2577 1182 2619 an
1199 2553 1252 2620 illc

173 2701 177 2712 .
230 2643 367 2717 occidat,
384 2643 417 2707 in
435 2642 483 2707 dis
500 2654 557 2707 est.
600 2641 687 2707 vivat
703 2652 825 2719 tamen3
842 2640 939 2724 idque
955 2640 1077 2740 precari

180 2748 213 2799 25
231 2728 281 2793 vel
298 2728 366 2793 sine
383 2749 490 2793 amore
506 2726 590 2791 licet.
632 2726 710 2810 quid
728 2726 812 2791 enim
829 2725 984 2791 commisit
1000 2726 1116 2790 Iason?

232 2836 327 2898 quem
344 2813 405 2878 nisi
423 2811 582 2879 crudelem
599 2834 664 2878 non
681 2823 792 2898 tangat
808 2810 931 2876 Iasonis
948 2822 1035 2877 aetas

231 2911 263 2965 et
279 2921 381 2985 genus
398 2909 431 2964 et
447 2899 565 2963 virtus?
583 2919 679 2982 quem
695 2920 775 2974 non,
793 2907 829 2961 ut
846 2907 951 2962 cetera
967 2896 1081 2974 desint,

231 3007 285 3050 ore
302 3006 430 3051 movere
447 2985 569 3071 potest?
586 2994 671 3050 certe
688 3006 760 3049 mea
776 2992 905 3067 pectora
921 2981 1030 3046 movit.

232 3081 265 3135 at
281 3070 342 3134 nisi
359 3091 452 3155 opem
469 3070 586 3147 tulero,
603 3080 766 3133 taurorum
784 3066 953 3132 adflabitur
970 3089 1024 3134 ore

181 3175 214 3224 80
232 3165 459 3239 concurretque
476 3177 553 3220 suae
570 3154 685 3240 segeti,
704 3154 815 3218 tellure
834 3152 945 3218 creatis

230 3241 388 3318 hostibus,
406 3251 461 3305 aut
478 3240 571 3305 avido
589 3239 717 3304 dabitur
733 3238 800 3303 fera
817 3237 936 3323 praeda
953 3237 1092 3303 draconi.

230 3326 292 3392 hoc
310 3348 370 3413 ego
388 3325 415 3390 si
430 3326 543 3412 patiar,
561 3336 630 3390 tum
647 3347 699 3390 me
717 3324 757 3389 de
773 3323 888 3424 tigride
904 3337 1022 3399 natam,

231 3422 299 3477 tum
316 3413 435 3477 ferrum
453 3421 485 3477 et
502 3411 648 3496 scopulos
665 3421 840 3495 gestarem
858 3409 952 3474 corde
968 3408 1103 3474 fatebor.
1215 3420 1217 3427 '

232 3520 289 3564 cur
305 3519 368 3562 non
386 3508 418 3563 et
434 3508 542 3582 specto
560 3506 758 3582 pereuntem,
777 3495 948 3578 oculosque
965 3494 1102 3560 videndo

181 3605 214 3653 35
232 3583 431 3649 conscelero?
448 3605 505 3648 cur
520 3604 585 3647 non
602 3592 710 3646 tauros
727 3580 875 3645 exhortor
891 3581 924 3644 in
940 3580 1031 3646 illum

231 3669 467 3754 terrigenasque
484 3667 569 3733 feros
585 3668 820 3753 insopitumque
837 3666 1025 3732 draconem?

232 3754 265 3819 di
282 3754 412 3819 meliora
428 3754 535 3819 velint.
578 3774 772 3838 quamquam
788 3773 853 3815 non
869 3751 930 3816 ista
946 3751 1115 3838 precanda,

231 3839 288 3905 sed
304 3837 450 3904 facienda
466 3839 553 3903 mihi.
634 3839 808 3924 prodamne
825 3859 886 3924 ego
901 3859 1001 3923 regna
1018 3836 1166 3922 parentis,

232 3935 328 4007 atque
346 3946 406 4010 ope
423 3924 529 3989 nescio
547 3924 619 4008 quis
635 3922 812 3989 servabitur
829 3923 952 3988 advena
968 3934 1086 4001 nostra,

181 4030 215 4080 ιο
232 4020 268 4074 ut
284 4031 342 4093 per
358 4032 409 4074 me
426 4031 535 4094 sospes
552 4010 620 4075 sine
638 4032 688 4076 me
706 4009 760 4073 det
776 4009 872 4074 lintea
888 4007 1001 4083 ventis,

232 4093 343 4180 virque
360 4095 400 4160 sit
418 4094 560 4174 alterius,
577 4117 699 4183 poenae
716 4095 836 4163 Medea
853 4094 1030 4179 relinquar?
