2800 4500
249 266 315 337 150
582 280 616 338 P.
635 279 761 342 OVIDII
777 277 941 340 NASONIS

249 415 390 473 restrum
407 425 487 492 opus
503 403 574 471 Elis
590 404 701 483 habet,
718 416 860 472 vestrum
878 403 970 491 Stym
993 401 1115 472 halides
1131 401 1237 472 undae
1269 490 1272 493 Δ

249 490 520 576 Partheniumque
536 492 669 558 nemus?
685 506 792 557 vestra
808 491 924 557 virtute
940 426 1057 556 relatus

249 577 536 643 Thermodontiaco
552 577 692 643 caelatus
710 577 834 655 balteus
851 599 940 654 auro,

183 682 233 733 100
249 684 407 749 pomaque
424 662 466 728 ab
482 661 618 727 insomni
635 662 854 728 concustodita
871 662 1025 728 dracone?

249 770 309 814 nec
325 747 402 813 mihi
420 745 574 814 Centauri
590 759 723 835 potuere
739 747 898 826 resistere,
916 769 975 813 neo
992 746 1036 812 mi

248 832 407 899 Arcadiae
424 843 564 899 vastator
580 833 676 920 aper?
691 855 753 900 nec
768 833 888 920 profuit
903 832 1024 918 hydrae

249 940 391 985 crescere
407 941 465 1006 per
481 919 634 984 dammm
650 918 857 1005 geminasque
873 940 1033 984 resumere
1050 918 1152 984 vires?

185 1061 189 1082 ,
249 1003 341 1089 quid,
353 1005 440 1089 quod
449 1003 583 1070 Thracis
600 1025 700 1088 equos
717 1004 856 1070 humano
874 1003 1029 1091 sanguiue
1046 1004 1181 1091 pingues

183 1107 231 1157 195
248 1090 406 1176 plenaque
423 1089 608 1177 corporibus
624 1089 737 1156 laceris
753 1089 938 1192 praesaepia
954 1088 1020 1154 vidi

248 1175 381 1260 visaque
397 1174 497 1241 deieci
514 1174 741 1259 dominumque
757 1196 908 1262 ipsosque
924 1174 1063 1261 peremi?

242 1259 299 1325 >his
317 1259 393 1326 elisa
409 1260 491 1326 iacet
507 1261 607 1328 moles
623 1260 786 1328 Nemeaea
801 1261 939 1327 lacertisr

249 1345 309 1411 hac
326 1346 449 1411 caelum
466 1345 588 1412 cervice
604 1346 672 1413 tuli.
716 1346 843 1412 defessa
858 1346 997 1412 iubendo
1015 1357 1063 1412 est

186 1498 189 1505 ,
249 1454 345 1497 saeva
360 1431 447 1497 Iovis
465 1430 615 1498 coniunx:
634 1452 695 1517 ego
714 1454 785 1498 sum
801 1431 979 1498 indefessus
997 1431 1133 1518 agendo.

182 1533 232 1583 200
250 1517 307 1582 sed
323 1538 406 1581 nova
422 1516 520 1602 pestis
538 1516 642 1594 adest,
660 1516 714 1583 cui
729 1540 790 1583 nec
806 1517 923 1583 virtute
939 1517 1042 1583 resisti

248 1623 309 1668 neo
325 1602 396 1668 telis
413 1602 572 1686 armisque
587 1613 701 1688 potest.
745 1603 949 1688 pulmonibus
967 1613 1050 1674 errat

248 1687 332 1773 ignis
349 1686 431 1753 edax
447 1687 518 1765 imis
535 1709 655 1839 perque
673 1710 784 1754 omnes
800 1688 941 1774 pascitur
956 1700 1058 1754 artus:

216 1794 219 1800 ‘
249 1784 282 1838 at
299 1773 384 1838 vaiet
399 1772 599 1859 Eurystheus
641 1784 674 1839 et
690 1785 779 1852 sunt,
797 1773 853 1860 qui
870 1772 998 1840 credere
1013 1772 1136 1859 possint

185 1926 189 1937 ,
249 1880 319 1925 esse
336 1858 445 1924 deosi’
473 1857 565 1937 dixit,
582 1880 703 1946 perque
720 1859 820 1925 altam
837 1858 964 1925 saucius
982 1857 1088 1926 Oeten

182 1961 231 2012 205
249 1944 335 2009 haud
351 1944 442 2009 aliter
458 1944 611 2030 graditur,
628 1965 726 2028 quam
742 1944 770 2010 si
787 1944 945 2011 venabula
960 1955 1070 2010 taurus

249 2050 380 2115 corpore
397 2029 462 2094 fixa
477 2041 579 2115 gerat,
597 2030 738 2114 factique
753 2029 908 2117 refugerit
924 2041 1044 2096 auctor.

249 2137 343 2201 saepe
360 2115 450 2181 illum
466 2115 605 2202 gemitus
621 2116 783 2192 edentem,
801 2138 896 2200 saepe
911 2115 1109 2195 frementem,

249 2223 345 2289 saepe
361 2211 604 2288 retemptantem
621 2212 704 2267 totas
722 2201 902 2269 rescindere
911 2212 1016 2269 vestes

249 2297 504 2372 stemeutemque
521 2287 627 2353 trabes
644 2287 896 2372 irascentemque
913 2286 1036 2354 videres

181 2390 232 2441 210
249 2372 409 2438 montibus
428 2383 484 2437 aut
499 2372 601 2458 patrio
619 2371 801 2439 tendentem
818 2372 966 2439 bracchia
982 2373 1081 2456 caelo.

249 2480 323 2524 ecce
340 2456 466 2524 Lichan
482 2457 655 2543 trepidum,
672 2457 846 2524 latitantem
863 2480 943 2544 rupe
960 2471 1073 2523 cavata
1147 2473 1274 2542 (lictus)

249 2542 370 2630 aspicit.
413 2554 512 2627 utque
529 2543 619 2608 dolor
635 2542 758 2609 rabiem
775 2543 855 2610 colle
878 2554 945 2609 erat
961 2565 1098 2620 omnem,

248 2634 259 2666 ⁴
264 2640 340 2695 tune
345 2676 355 2708 ,
372 2627 496 2706 Licha,’
514 2627 595 2694 dixit
612 2627 738 2695 ‘feralia
754 2628 839 2694 dona
854 2566 990 2694 dedisti?

247 2725 324 2779 tune
341 2736 431 2781 meae
447 2713 534 2780 necis
551 2724 662 2780 auctor
677 2713 772 2780 erisl'
798 2712 904 2779 tremit
919 2713 972 2781 ille
988 2725 1146 2800 pavetque

180 2817 230 2869 tro
248 2798 385 2885 pallidus
402 2810 434 2866 et
450 2799 560 2865 timide
576 2798 675 2865 verba
691 2799 876 2865 excusantia
893 2799 977 2865 dicit.

249 2885 404 2951 dicentem
445 2885 621 2970 enibusque
638 2907 752 2951 manus
769 2884 919 2952 adhibere
936 2896 1100 2972 parantem
1130 2948 1134 2955 .

248 2970 377 3057 corripit
392 2907 538 3049 Alcides,
556 2983 588 3036 et
604 2982 715 3055 terque
732 2982 908 3057 quaterque
924 2981 1062 3036 rotatum

247 3055 343 3121 mittit
358 3055 392 3120 in
409 3054 570 3122 Euboicas
587 3066 744 3121 tormento
760 3055 874 3122 fortius
890 3056 1002 3121 undas.

247 3141 301 3208 ille
316 3163 375 3228 per
391 3141 492 3207 adrias
509 3141 651 3226 pendens
668 3140 810 3207 induruit
826 3163 931 3207 auras.

179 3245 231 3296 220
248 3237 346 3311 utque
362 3226 470 3292 ferunt
485 3226 604 3292 imbres
620 3226 734 3312 gelidis
752 3247 954 3292 concrescere
970 3226 1083 3306 ventis,

246 3312 321 3378 inde
338 3312 426 3379 nives
444 3311 526 3389 fieri,
544 3311 672 3377 nivibus
688 3332 817 3396 quoque
827 3310 923 3375 molle
933 3313 1043 3378 rotatis

247 3396 380 3484 astringi
397 3408 428 3464 et
446 3396 548 3483 spissa
564 3395 734 3482 glomerari
751 3397 906 3482 grandine
923 3418 1053 3484 corpus:

247 3481 293 3549 sic
309 3482 399 3548 illum
417 3482 530 3548 validis
541 3484 660 3548 iactum
671 3504 730 3568 per
745 3482 839 3548 inane
855 3482 981 3548 lacertis

247 3589 490 3654 exanguemque
507 3576 594 3633 metu
611 3588 671 3633 nec
689 3566 861 3652 quicquam
879 3567 998 3634 umoris
1014 3567 1185 3635 habentem

179 3673 229 3725 aas
246 3653 280 3729 in
296 3651 416 3739 iig'idos
433 3675 560 3719 versum
578 3651 681 3718 silices
698 3650 785 3737 prior
801 3652 899 3718 edidit
916 3664 1013 3719 aetas.

245 3758 332 3804 nuno
348 3759 476 3823 quoque
493 3737 527 3803 in
543 3736 689 3803 Euboico
708 3738 857 3823 scopulus
874 3738 980 3805 brevis
997 3737 1113 3804 eminet
1129 3739 1193 3804 alto

245 3822 372 3910 gurgite
389 3836 421 3890 et
438 3824 596 3888 humanae
613 3833 719 3888 servat
736 3823 870 3908 vestigia
887 3822 1018 3902 formae,

247 3929 358 3992 quem,
375 3907 465 3992 quasi
483 3929 665 3985 sensurum,
683 3921 799 3973 nautae
817 3907 939 3973 calcare
956 3919 1105 3975 verentur

248 3992 472 4141 appellantque
488 3991 624 4093 Ifichan.
668 4003 701 4057 at
719 4003 769 4070 tu,
788 3993 873 4059 lovis
889 3993 998 4060 inolita
1014 3994 1129 4079 proles,

180 4096 232 4147 tto
249 4097 285 4142 ar
307 4075 414 4142 ombus
432 4099 548 4157 caesis,
565 4099 645 4164 quas
662 4076 763 4145 ardua
778 4089 920 4180 gesserat
937 4076 1032 4159 Oete,
