<?xml version="1.0" encoding="UTF-8"?>
<!DOCTYPE html PUBLIC "-//W3C//DTD XHTML 1.0 Transitional//EN"
    "http://www.w3.org/TR/xhtml1/DTD/xhtml1-transitional.dtd">
<html xmlns="http://www.w3.org/1999/xhtml" xml:lang="en" lang="en">
 <head>
  <title>
</title>
<meta http-equiv="Content-Type" content="text/html;charset=utf-8" />
  <meta name='ocr-system' content='tesseract 3.04.00' />
  <meta name='ocr-capabilities' content='ocr_page ocr_carea ocr_par ocr_line ocrx_word'/>
</head>
<body>
  <div class='ocr_page' id='page_1' title='image "./povidiinasonisc00unkngoog_0070.png"; bbox 0 0 2800 4500; ppageno 0'>
   <div class='ocr_carea' id='block_1_1' title="bbox 160 224 921 332">
    <p class='ocr_par' dir='ltr' id='par_1_1' title="bbox 160 224 921 332">
     <span class='ocr_line' id='line_1_1' title="bbox 160 224 921 332; baseline -0.001 -3"><span class='ocrx_word' id='word_1_1' title='bbox 160 224 163 229; x_wconf 29' lang='lat'>⁵</span> <span class='ocrx_word' id='word_1_2' title='bbox 233 242 278 329; x_wconf 65' lang='lat' dir='ltr'>ll</span> <span class='ocrx_word' id='word_1_3' title='bbox 428 257 451 267; x_wconf 79' lang='grc'><strong>”</strong></span> <span class='ocrx_word' id='word_1_4' title='bbox 513 256 517 263; x_wconf 78' lang='grc'>’</span> <span class='ocrx_word' id='word_1_5' title='bbox 562 272 596 330; x_wconf 80' lang='lat' dir='ltr'>P.</span> <span class='ocrx_word' id='word_1_6' title='bbox 615 257 740 332; x_wconf 82' lang='lat' dir='ltr'>evron</span> <span class='ocrx_word' id='word_1_7' title='bbox 757 269 921 330; x_wconf 78' lang='lat' dir='ltr'>ussurus</span> 
     </span>
    </p>
   </div>
   <div class='ocr_carea' id='block_1_2' title="bbox 163 383 1230 1171">
    <p class='ocr_par' dir='ltr' id='par_1_2' title="bbox 163 383 1230 1171">
     <span class='ocr_line' id='line_1_2' title="bbox 170 383 1211 487; baseline -0.009 -20"><span class='ocrx_word' id='word_1_8' title='bbox 170 400 178 425; x_wconf 77' lang='lat'><em>‘</em></span> <span class='ocrx_word' id='word_1_9' title='bbox 231 398 373 487; x_wconf 84' lang='lat' dir='ltr'>protinus</span> <span class='ocrx_word' id='word_1_10' title='bbox 392 397 471 464; x_wconf 88' lang='lat' dir='ltr'>alter</span> <span class='ocrx_word' id='word_1_11' title='bbox 487 407 586 475; x_wconf 85' lang='lat' dir='ltr'>amat3</span> <span class='ocrx_word' id='word_1_12' title='bbox 604 396 688 482; x_wconf 82' lang='lat' dir='ltr'>fugit</span> <span class='ocrx_word' id='word_1_13' title='bbox 705 397 805 462; x_wconf 86' lang='lat' dir='ltr'>altera</span> <span class='ocrx_word' id='word_1_14' title='bbox 820 384 937 461; x_wconf 89' lang='lat' dir='ltr'>nomen</span> <span class='ocrx_word' id='word_1_15' title='bbox 954 394 1119 475; x_wconf 82' lang='lat' dir='ltr'>amantis,</span> <span class='ocrx_word' id='word_1_16' title='bbox 1206 383 1211 393; x_wconf 69' lang='grc'><strong>’</strong></span> 
     </span>
     <span class='ocr_line' id='line_1_3' title="bbox 163 481 971 569; baseline -0.012 -15"><span class='ocrx_word' id='word_1_17' title='bbox 163 504 213 555; x_wconf 77' lang='grc'>455</span> <span class='ocrx_word' id='word_1_18' title='bbox 231 486 382 551; x_wconf 86' lang='lat' dir='ltr'>silvarum</span> <span class='ocrx_word' id='word_1_19' title='bbox 398 484 537 549; x_wconf 88' lang='lat' dir='ltr'>tenebris</span> <span class='ocrx_word' id='word_1_20' title='bbox 555 481 815 569; x_wconf 85' lang='lat' dir='ltr'>captivarumque</span> <span class='ocrx_word' id='word_1_21' title='bbox 831 481 971 548; x_wconf 84' lang='lat' dir='ltr'>ferarum</span> 
     </span>
     <span class='ocr_line' id='line_1_4' title="bbox 232 566 1064 656; baseline -0.007 -19"><span class='ocrx_word' id='word_1_22' title='bbox 232 570 355 638; x_wconf 87' lang='lat' dir='ltr'>exuviis</span> <span class='ocrx_word' id='word_1_23' title='bbox 372 570 516 656; x_wconf 85' lang='lat' dir='ltr'>gaudens</span> <span class='ocrx_word' id='word_1_24' title='bbox 532 569 749 654; x_wconf 72' lang='lat' dir='ltr'>innuptaeque</span> <span class='ocrx_word' id='word_1_25' title='bbox 765 567 890 633; x_wconf 87' lang='lat' dir='ltr'>aemula</span> <span class='ocrx_word' id='word_1_26' title='bbox 906 566 1064 633; x_wconf 89' lang='lat' dir='ltr'>Phoebes.</span> 
     </span>
     <span class='ocr_line' id='line_1_5' title="bbox 231 652 961 740; baseline -0.005 -17"><span class='ocrx_word' id='word_1_27' title='bbox 231 658 311 723; x_wconf 84' lang='lat' dir='ltr'>vitta</span> <span class='ocrx_word' id='word_1_28' title='bbox 328 654 493 721; x_wconf 86' lang='lat' dir='ltr'>coercebat</span> <span class='ocrx_word' id='word_1_29' title='bbox 509 655 630 740; x_wconf 89' lang='lat' dir='ltr'>positos</span> <span class='ocrx_word' id='word_1_30' title='bbox 648 653 716 718; x_wconf 89' lang='lat' dir='ltr'>sine</span> <span class='ocrx_word' id='word_1_31' title='bbox 733 653 806 739; x_wconf 87' lang='lat' dir='ltr'>lege</span> <span class='ocrx_word' id='word_1_32' title='bbox 823 652 961 738; x_wconf 81' lang='lat' dir='ltr'>capillos.</span> 
     </span>
     <span class='ocr_line' id='line_1_6' title="bbox 231 740 968 827; baseline -0.005 -20"><span class='ocrx_word' id='word_1_33' title='bbox 231 742 323 807; x_wconf 88' lang='lat' dir='ltr'>multi</span> <span class='ocrx_word' id='word_1_34' title='bbox 339 741 426 807; x_wconf 90' lang='lat' dir='ltr'>illam</span> <span class='ocrx_word' id='word_1_35' title='bbox 443 740 574 827; x_wconf 84' lang='lat' dir='ltr'>petiere:</span> <span class='ocrx_word' id='word_1_36' title='bbox 592 740 648 804; x_wconf 88' lang='lat' dir='ltr'>illa</span> <span class='ocrx_word' id='word_1_37' title='bbox 664 749 809 803; x_wconf 87' lang='lat' dir='ltr'>aversata</span> <span class='ocrx_word' id='word_1_38' title='bbox 826 749 968 824; x_wconf 86' lang='lat' dir='ltr'>petentes</span> 
     </span>
     <span class='ocr_line' id='line_1_7' title="bbox 170 823 1041 914; baseline -0.006 -21"><span class='ocrx_word' id='word_1_39' title='bbox 170 854 172 859; x_wconf 55' lang='lat'><strong><em>¹</em></strong></span> <span class='ocrx_word' id='word_1_40' title='bbox 231 827 398 914; x_wconf 79' lang='lat' dir='ltr'><strong>impatiens</strong></span> <span class='ocrx_word' id='word_1_41' title='bbox 415 846 592 912; x_wconf 77' lang='lat' dir='ltr'>expersque</span> <span class='ocrx_word' id='word_1_42' title='bbox 609 823 668 888; x_wconf 86' lang='lat' dir='ltr'>viri</span> <span class='ocrx_word' id='word_1_43' title='bbox 684 845 815 889; x_wconf 89' lang='lat' dir='ltr'>nemora</span> <span class='ocrx_word' id='word_1_44' title='bbox 831 826 902 888; x_wconf 87' lang='lat' dir='ltr'>avia</span> <span class='ocrx_word' id='word_1_45' title='bbox 919 825 1041 899; x_wconf 89' lang='lat' dir='ltr'>lustrat,</span> 
     </span>
     <span class='ocr_line' id='line_1_8' title="bbox 165 909 1230 998; baseline -0.007 -15"><span class='ocrx_word' id='word_1_46' title='bbox 165 933 216 983; x_wconf 74' lang='lat'>480</span> <span class='ocrx_word' id='word_1_47' title='bbox 232 936 292 980; x_wconf 88' lang='lat' dir='ltr'>nec</span> <span class='ocrx_word' id='word_1_48' title='bbox 310 913 387 997; x_wconf 89' lang='lat' dir='ltr'>quid</span> <span class='ocrx_word' id='word_1_49' title='bbox 404 913 549 998; x_wconf 87' lang='lat' dir='ltr'>Hymen,</span> <span class='ocrx_word' id='word_1_50' title='bbox 566 910 645 994; x_wconf 92' lang='lat' dir='ltr'>quid</span> <span class='ocrx_word' id='word_1_51' title='bbox 661 910 774 985; x_wconf 89' lang='lat' dir='ltr'>Amor,</span> <span class='ocrx_word' id='word_1_52' title='bbox 793 909 870 992; x_wconf 91' lang='lat' dir='ltr'>quid</span> <span class='ocrx_word' id='word_1_53' title='bbox 887 909 950 973; x_wconf 89' lang='lat' dir='ltr'>sint</span> <span class='ocrx_word' id='word_1_54' title='bbox 967 909 1113 987; x_wconf 89' lang='lat' dir='ltr'>conubia,</span> <span class='ocrx_word' id='word_1_55' title='bbox 1130 917 1230 976; x_wconf 83' lang='lat' dir='ltr'>curat.</span> 
     </span>
     <span class='ocr_line' id='line_1_9' title="bbox 232 993 1059 1085; baseline -0.01 -19"><span class='ocrx_word' id='word_1_56' title='bbox 232 1021 328 1085; x_wconf 90' lang='lat' dir='ltr'>saepe</span> <span class='ocrx_word' id='word_1_57' title='bbox 345 1009 436 1084; x_wconf 89' lang='lat' dir='ltr'>pater</span> <span class='ocrx_word' id='word_1_58' title='bbox 452 997 531 1062; x_wconf 82' lang='lat' dir='ltr'><strong>dixit</strong></span> <span class='ocrx_word' id='word_1_59' title='bbox 549 1003 558 1032; x_wconf 88' lang='lat'><em>‘</em></span> <span class='ocrx_word' id='word_1_60' title='bbox 587 1018 717 1061; x_wconf 88' lang='lat' dir='ltr'>suerum</span> <span class='ocrx_word' id='word_1_61' title='bbox 733 994 826 1071; x_wconf 92' lang='lat' dir='ltr'>mihi,</span> <span class='ocrx_word' id='word_1_62' title='bbox 843 993 923 1071; x_wconf 86' lang='lat' dir='ltr'>lilia,</span> <span class='ocrx_word' id='word_1_63' title='bbox 940 994 1059 1064; x_wconf 67' lang='lat' dir='ltr'>debes!</span> 
     </span>
     <span class='ocr_line' id='line_1_10' title="bbox 233 1019 1047 1171; baseline -0.006 -21"><span class='ocrx_word' id='word_1_64' title='bbox 233 1107 328 1171; x_wconf 91' lang='lat' dir='ltr'>saepe</span> <span class='ocrx_word' id='word_1_65' title='bbox 345 1094 436 1169; x_wconf 89' lang='lat' dir='ltr'>pater</span> <span class='ocrx_word' id='word_1_66' title='bbox 453 1083 532 1146; x_wconf 84' lang='lat' dir='ltr'>dixit</span> <span class='ocrx_word' id='word_1_67' title='bbox 549 1019 661 1147; x_wconf 71' lang='lat' dir='ltr'>‘debes</span> <span class='ocrx_word' id='word_1_68' title='bbox 678 1079 772 1155; x_wconf 91' lang='lat' dir='ltr'>mihi,</span> <span class='ocrx_word' id='word_1_69' title='bbox 789 1091 877 1156; x_wconf 86' lang='lat' dir='ltr'>nata,</span> <span class='ocrx_word' id='word_1_70' title='bbox 895 1078 1047 1165; x_wconf 60' lang='lat' dir='ltr'>nepotes?</span> 
     </span>
    </p>
   </div>
   <div class='ocr_carea' id='block_1_3' title="bbox 124 1165 1061 1510">
    <p class='ocr_par' dir='ltr' id='par_1_3' title="bbox 232 1165 932 1251">
     <span class='ocr_line' id='line_1_11' title="bbox 232 1165 932 1251; baseline -0.01 -16"><span class='ocrx_word' id='word_1_71' title='bbox 232 1172 300 1246; x_wconf 88' lang='lat' dir='ltr'>illa,</span> <span class='ocrx_word' id='word_1_72' title='bbox 318 1169 406 1234; x_wconf 86' lang='lat' dir='ltr'>velut</span> <span class='ocrx_word' id='word_1_73' title='bbox 423 1169 541 1233; x_wconf 78' lang='lat' dir='ltr'>crimen</span> <span class='ocrx_word' id='word_1_74' title='bbox 558 1167 667 1232; x_wconf 87' lang='lat' dir='ltr'>taedas</span> <span class='ocrx_word' id='word_1_75' title='bbox 685 1187 783 1232; x_wconf 85' lang='lat' dir='ltr'>exosa</span> <span class='ocrx_word' id='word_1_76' title='bbox 798 1165 932 1251; x_wconf 86' lang='lat' dir='ltr'>iugales,</span> 
     </span>
    </p>

    <p class='ocr_par' dir='ltr' id='par_1_4' title="bbox 124 1250 1061 1358">
     <span class='ocr_line' id='line_1_12' title="bbox 124 1250 1061 1358; baseline -0.003 -40"><span class='ocrx_word' id='word_1_77' title='bbox 124 1314 126 1318; x_wconf 87' lang='lat'>.</span> <span class='ocrx_word' id='word_1_78' title='bbox 169 1258 178 1289; x_wconf 56' lang='lat' dir='ltr'>a</span> <span class='ocrx_word' id='word_1_79' title='bbox 215 1255 366 1358; x_wconf 83' lang='lat' dir='ltr'>pulchra</span> <span class='ocrx_word' id='word_1_80' title='bbox 381 1252 560 1320; x_wconf 84' lang='lat' dir='ltr'>verecundo</span> <span class='ocrx_word' id='word_1_81' title='bbox 578 1251 772 1317; x_wconf 85' lang='lat' dir='ltr'>suffunditur</span> <span class='ocrx_word' id='word_1_82' title='bbox 788 1271 844 1315; x_wconf 89' lang='lat' dir='ltr'>ora</span> <span class='ocrx_word' id='word_1_83' title='bbox 859 1250 986 1328; x_wconf 91' lang='lat' dir='ltr'>rubore,</span> <span class='ocrx_word' id='word_1_84' title='bbox 1059 1267 1061 1271; x_wconf 86' lang='grc'><strong><em>·</em></strong></span> 
     </span>
    </p>

    <p class='ocr_par' dir='ltr' id='par_1_5' title="bbox 165 1335 1020 1510">
     <span class='ocr_line' id='line_1_13' title="bbox 165 1335 1020 1488; baseline -0.011 -77"><span class='ocrx_word' id='word_1_85' title='bbox 165 1361 215 1411; x_wconf 76' lang='grc'>485</span> <span class='ocrx_word' id='word_1_86' title='bbox 232 1362 330 1425; x_wconf 88' lang='lat' dir='ltr'>mque</span> <span class='ocrx_word' id='word_1_87' title='bbox 346 1340 443 1488; x_wconf 60' lang='lat' dir='ltr'>patris</span> <span class='ocrx_word' id='word_1_88' title='bbox 461 1338 585 1416; x_wconf 78' lang='lat' dir='ltr'>blandis</span> <span class='ocrx_word' id='word_1_89' title='bbox 603 1338 737 1403; x_wconf 88' lang='lat' dir='ltr'>haerens</span> <span class='ocrx_word' id='word_1_90' title='bbox 755 1336 878 1402; x_wconf 84' lang='lat' dir='ltr'>cervice</span> <span class='ocrx_word' id='word_1_91' title='bbox 895 1335 1020 1402; x_wconf 86' lang='lat' dir='ltr'>lacertis</span> 
     </span>
     <span class='ocr_line' id='line_1_14' title="bbox 234 1420 1009 1510; baseline -0.006 -19"><span class='ocrx_word' id='word_1_92' title='bbox 234 1428 291 1491; x_wconf 89' lang='lat' dir='ltr'>‘da</span> <span class='ocrx_word' id='word_1_93' title='bbox 306 1426 351 1490; x_wconf 93' lang='lat' dir='ltr'>mi</span> <span class='ocrx_word' id='word_1_94' title='bbox 373 1425 385 1489; x_wconf 94' lang='lat' dir='ltr'>i</span> <span class='ocrx_word' id='word_1_95' title='bbox 401 1435 569 1510; x_wconf 88' lang='lat' dir='ltr'>perpetua,</span> <span class='ocrx_word' id='word_1_96' title='bbox 587 1423 713 1509; x_wconf 86' lang='lat' dir='ltr'>genitor</span> <span class='ocrx_word' id='word_1_97' title='bbox 729 1421 911 1501; x_wconf 88' lang='lat' dir='ltr'>carissime,&#39;</span> <span class='ocrx_word' id='word_1_98' title='bbox 929 1420 1009 1486; x_wconf 84' lang='lat' dir='ltr'>dixit</span> 
     </span>
    </p>
   </div>
   <div class='ocr_carea' id='block_1_4' title="bbox 165 1506 1255 4165">
    <p class='ocr_par' dir='ltr' id='par_1_6' title="bbox 168 1506 1253 1764">
     <span class='ocr_line' id='line_1_15' title="bbox 234 1506 1084 1598; baseline -0.005 -21"><span class='ocrx_word' id='word_1_99' title='bbox 234 1511 429 1598; x_wconf 86' lang='lat' dir='ltr'>‘virginitate</span> <span class='ocrx_word' id='word_1_100' title='bbox 445 1509 518 1574; x_wconf 83' lang='lat' dir='ltr'>frui.</span> <span class='ocrx_word' id='word_1_101' title='bbox 563 1508 649 1574; x_wconf 88' lang='lat' dir='ltr'>dedit</span> <span class='ocrx_word' id='word_1_102' title='bbox 665 1507 727 1573; x_wconf 90' lang='lat' dir='ltr'>hoc</span> <span class='ocrx_word' id='word_1_103' title='bbox 742 1517 833 1593; x_wconf 88' lang='lat' dir='ltr'>pater</span> <span class='ocrx_word' id='word_1_104' title='bbox 849 1518 922 1573; x_wconf 86' lang='lat' dir='ltr'>ante</span> <span class='ocrx_word' id='word_1_105' title='bbox 938 1506 1084 1573; x_wconf 66' lang='lat' dir='ltr'>Dianae?</span> 
     </span>
     <span class='ocr_line' id='line_1_16' title="bbox 233 1592 1253 1680; baseline -0.006 -17"><span class='ocrx_word' id='word_1_106' title='bbox 233 1598 287 1663; x_wconf 90' lang='lat' dir='ltr'>ille</span> <span class='ocrx_word' id='word_1_107' title='bbox 304 1596 433 1680; x_wconf 91' lang='lat' dir='ltr'>quidem</span> <span class='ocrx_word' id='word_1_108' title='bbox 451 1596 644 1678; x_wconf 84' lang='lat' dir='ltr'>obsequitur.</span> <span class='ocrx_word' id='word_1_109' title='bbox 688 1593 746 1659; x_wconf 88' lang='lat' dir='ltr'>sed</span> <span class='ocrx_word' id='word_1_110' title='bbox 762 1605 794 1658; x_wconf 91' lang='lat' dir='ltr'>te</span> <span class='ocrx_word' id='word_1_111' title='bbox 811 1593 908 1658; x_wconf 88' lang='lat' dir='ltr'>decor</span> <span class='ocrx_word' id='word_1_112' title='bbox 923 1592 997 1669; x_wconf 88' lang='lat' dir='ltr'>iste,</span> <span class='ocrx_word' id='word_1_113' title='bbox 1015 1592 1101 1678; x_wconf 89' lang='lat' dir='ltr'>quod</span> <span class='ocrx_word' id='word_1_114' title='bbox 1118 1601 1219 1677; x_wconf 85' lang='lat' dir='ltr'>optas,</span> <span class='ocrx_word' id='word_1_115' title='bbox 1251 1648 1253 1657; x_wconf 82' lang='lat'>.</span> 
     </span>
     <span class='ocr_line' id='line_1_17' title="bbox 168 1677 1024 1764; baseline -0.008 -15"><span class='ocrx_word' id='word_1_116' title='bbox 168 1702 172 1717; x_wconf 73' lang='lat'><strong><em>¹</em></strong></span> <span class='ocrx_word' id='word_1_117' title='bbox 234 1705 304 1749; x_wconf 89' lang='lat' dir='ltr'>esse</span> <span class='ocrx_word' id='word_1_118' title='bbox 321 1692 421 1758; x_wconf 89' lang='lat' dir='ltr'>vetat,</span> <span class='ocrx_word' id='word_1_119' title='bbox 438 1692 576 1764; x_wconf 87' lang='lat' dir='ltr'>votoque</span> <span class='ocrx_word' id='word_1_120' title='bbox 594 1690 648 1745; x_wconf 92' lang='lat' dir='ltr'>tuo</span> <span class='ocrx_word' id='word_1_121' title='bbox 666 1690 723 1744; x_wconf 90' lang='lat' dir='ltr'>tua</span> <span class='ocrx_word' id='word_1_122' title='bbox 739 1677 843 1744; x_wconf 87' lang='lat' dir='ltr'>forma</span> <span class='ocrx_word' id='word_1_123' title='bbox 858 1700 937 1764; x_wconf 88' lang='lat' dir='ltr'>repu</span> <span class='ocrx_word' id='word_1_124' title='bbox 982 1691 1024 1743; x_wconf 91' lang='lat' dir='ltr'>at.</span> 
     </span>
    </p>

    <p class='ocr_par' dir='ltr' id='par_1_7' title="bbox 166 1763 1188 2109">
     <span class='ocr_line' id='line_1_18' title="bbox 166 1763 1096 1850; baseline -0.01 -14"><span class='ocrx_word' id='word_1_125' title='bbox 166 1786 218 1837; x_wconf 82' lang='grc'>400</span> <span class='ocrx_word' id='word_1_126' title='bbox 235 1768 387 1833; x_wconf 92' lang='lat' dir='ltr'>Phoebus</span> <span class='ocrx_word' id='word_1_127' title='bbox 404 1777 490 1831; x_wconf 87' lang='lat' dir='ltr'>amat</span> <span class='ocrx_word' id='word_1_128' title='bbox 506 1767 656 1850; x_wconf 81' lang='lat' dir='ltr'>visaeque</span> <span class='ocrx_word' id='word_1_129' title='bbox 674 1765 762 1850; x_wconf 91' lang='lat' dir='ltr'>cupit</span> <span class='ocrx_word' id='word_1_130' title='bbox 779 1763 915 1829; x_wconf 87' lang='lat' dir='ltr'>conubia</span> <span class='ocrx_word' id='word_1_131' title='bbox 966 1764 1096 1850; x_wconf 88' lang='lat' dir='ltr'>aphnes,</span> 
     </span>
     <span class='ocr_line' id='line_1_19' title="bbox 235 1849 1188 1938; baseline -0.004 -20"><span class='ocrx_word' id='word_1_132' title='bbox 235 1853 385 1938; x_wconf 90' lang='lat' dir='ltr'>quodque</span> <span class='ocrx_word' id='word_1_133' title='bbox 403 1852 503 1938; x_wconf 87' lang='lat' dir='ltr'>cupit,</span> <span class='ocrx_word' id='word_1_134' title='bbox 522 1863 641 1936; x_wconf 83' lang='lat' dir='ltr'>sperat3</span> <span class='ocrx_word' id='word_1_135' title='bbox 660 1871 781 1934; x_wconf 88' lang='lat' dir='ltr'>suaque</span> <span class='ocrx_word' id='word_1_136' title='bbox 798 1850 888 1914; x_wconf 90' lang='lat' dir='ltr'>illum</span> <span class='ocrx_word' id='word_1_137' title='bbox 905 1851 1033 1914; x_wconf 85' lang='lat' dir='ltr'>oracula</span> <span class='ocrx_word' id='word_1_138' title='bbox 1050 1849 1188 1926; x_wconf 67' lang='lat' dir='ltr'>fallunt,v</span> 
     </span>
     <span class='ocr_line' id='line_1_20' title="bbox 235 1934 1052 2024; baseline -0.006 -20"><span class='ocrx_word' id='word_1_139' title='bbox 235 1951 333 2022; x_wconf 88' lang='lat' dir='ltr'>utque</span> <span class='ocrx_word' id='word_1_140' title='bbox 349 1939 435 2004; x_wconf 82' lang='lat' dir='ltr'>leves</span> <span class='ocrx_word' id='word_1_141' title='bbox 453 1938 586 2024; x_wconf 88' lang='lat' dir='ltr'>stipulae</span> <span class='ocrx_word' id='word_1_142' title='bbox 604 1935 739 2022; x_wconf 85' lang='lat' dir='ltr'>demptis</span> <span class='ocrx_word' id='word_1_143' title='bbox 757 1934 922 2000; x_wconf 90' lang='lat' dir='ltr'>adolentur</span> <span class='ocrx_word' id='word_1_144' title='bbox 938 1935 1052 2013; x_wconf 88' lang='lat' dir='ltr'>aristis,</span> 
     </span>
     <span class='ocr_line' id='line_1_21' title="bbox 234 2020 1000 2109; baseline -0.008 -19"><span class='ocrx_word' id='word_1_145' title='bbox 234 2035 271 2090; x_wconf 90' lang='lat' dir='ltr'>ut</span> <span class='ocrx_word' id='word_1_146' title='bbox 287 2023 412 2089; x_wconf 86' lang='lat' dir='ltr'>facibus</span> <span class='ocrx_word' id='word_1_147' title='bbox 430 2045 540 2109; x_wconf 83' lang='lat' dir='ltr'>saepes</span> <span class='ocrx_word' id='word_1_148' title='bbox 559 2023 683 2098; x_wconf 80' lang='lat' dir='ltr'>ardent,</span> <span class='ocrx_word' id='word_1_149' title='bbox 702 2042 782 2106; x_wconf 87' lang='lat' dir='ltr'>quas</span> <span class='ocrx_word' id='word_1_150' title='bbox 798 2021 880 2086; x_wconf 85' lang='lat' dir='ltr'>forte</span> <span class='ocrx_word' id='word_1_151' title='bbox 897 2020 1000 2084; x_wconf 87' lang='lat' dir='ltr'>viator</span> 
     </span>
    </p>

    <p class='ocr_par' dir='ltr' id='par_1_8' title="bbox 168 2105 1022 2188">
     <span class='ocr_line' id='line_1_22' title="bbox 168 2105 1022 2188; baseline -0.008 -12"><span class='ocrx_word' id='word_1_152' title='bbox 168 2117 172 2143; x_wconf 80' lang='lat'><strong><em>‘</em></strong></span> <span class='ocrx_word' id='word_1_153' title='bbox 234 2110 286 2176; x_wconf 84' lang='lat' dir='ltr'>vel</span> <span class='ocrx_word' id='word_1_154' title='bbox 302 2110 396 2174; x_wconf 92' lang='lat' dir='ltr'>nimis</span> <span class='ocrx_word' id='word_1_155' title='bbox 414 2108 554 2173; x_wconf 87' lang='lat' dir='ltr'>admovit</span> <span class='ocrx_word' id='word_1_156' title='bbox 570 2108 622 2174; x_wconf 85' lang='lat' dir='ltr'>vel</span> <span class='ocrx_word' id='word_1_157' title='bbox 638 2108 704 2172; x_wconf 90' lang='lat' dir='ltr'>iam</span> <span class='ocrx_word' id='word_1_158' title='bbox 720 2106 781 2171; x_wconf 90' lang='lat' dir='ltr'>sub</span> <span class='ocrx_word' id='word_1_159' title='bbox 798 2106 869 2171; x_wconf 92' lang='lat' dir='ltr'>luce</span> <span class='ocrx_word' id='word_1_160' title='bbox 885 2105 1022 2188; x_wconf 90' lang='lat' dir='ltr'>reliquit,</span> 
     </span>
    </p>

    <p class='ocr_par' dir='ltr' id='par_1_9' title="bbox 167 2191 989 2278">
     <span class='ocr_line' id='line_1_23' title="bbox 167 2191 989 2278; baseline -0.011 -13"><span class='ocrx_word' id='word_1_161' title='bbox 167 2214 217 2265; x_wconf 82' lang='grc'>405</span> <span class='ocrx_word' id='word_1_162' title='bbox 235 2195 281 2263; x_wconf 85' lang='grc' dir='ltr'>0ἰο</span> <span class='ocrx_word' id='word_1_163' title='bbox 297 2195 376 2262; x_wconf 90' lang='lat' dir='ltr'>deus</span> <span class='ocrx_word' id='word_1_164' title='bbox 392 2195 426 2260; x_wconf 94' lang='lat' dir='ltr'>in</span> <span class='ocrx_word' id='word_1_165' title='bbox 442 2195 586 2260; x_wconf 88' lang='lat' dir='ltr'>flammas</span> <span class='ocrx_word' id='word_1_166' title='bbox 604 2193 697 2271; x_wconf 88' lang='lat' dir='ltr'>abiit,</span> <span class='ocrx_word' id='word_1_167' title='bbox 715 2191 761 2258; x_wconf 92' lang='lat' dir='ltr'>sic</span> <span class='ocrx_word' id='word_1_168' title='bbox 777 2202 905 2278; x_wconf 86' lang='lat' dir='ltr'>pectore</span> <span class='ocrx_word' id='word_1_169' title='bbox 923 2202 989 2258; x_wconf 91' lang='lat' dir='ltr'>toto</span> 
     </span>
    </p>

    <p class='ocr_par' dir='ltr' id='par_1_10' title="bbox 176 2278 1111 2617">
     <span class='ocr_line' id='line_1_24' title="bbox 176 2278 997 2365; baseline -0.007 -17"><span class='ocrx_word' id='word_1_170' title='bbox 176 2297 179 2306; x_wconf 79' lang='grc'>’</span> <span class='ocrx_word' id='word_1_171' title='bbox 235 2282 339 2348; x_wconf 92' lang='lat' dir='ltr'>uritur</span> <span class='ocrx_word' id='word_1_172' title='bbox 354 2292 385 2347; x_wconf 91' lang='lat' dir='ltr'>et</span> <span class='ocrx_word' id='word_1_173' title='bbox 402 2282 540 2346; x_wconf 86' lang='lat' dir='ltr'>sterilem</span> <span class='ocrx_word' id='word_1_174' title='bbox 557 2279 714 2365; x_wconf 85' lang='lat' dir='ltr'>sperando</span> <span class='ocrx_word' id='word_1_175' title='bbox 730 2278 830 2344; x_wconf 90' lang='lat' dir='ltr'>nutrit</span> <span class='ocrx_word' id='word_1_176' title='bbox 846 2298 997 2342; x_wconf 84' lang='lat' dir='ltr'>amorem.</span> 
     </span>
     <span class='ocr_line' id='line_1_25' title="bbox 236 2363 946 2453; baseline -0.007 -21"><span class='ocrx_word' id='word_1_177' title='bbox 236 2378 357 2453; x_wconf 87' lang='lat' dir='ltr'>spectat</span> <span class='ocrx_word' id='word_1_178' title='bbox 372 2367 533 2431; x_wconf 86' lang='lat' dir='ltr'>inornatos</span> <span class='ocrx_word' id='word_1_179' title='bbox 551 2366 631 2430; x_wconf 89' lang='lat' dir='ltr'>collo</span> <span class='ocrx_word' id='word_1_180' title='bbox 648 2364 787 2450; x_wconf 89' lang='lat' dir='ltr'>pendere</span> <span class='ocrx_word' id='word_1_181' title='bbox 804 2363 946 2448; x_wconf 79' lang='lat' dir='ltr'>capillos,</span> 
     </span>
     <span class='ocr_line' id='line_1_26' title="bbox 236 2448 1111 2537; baseline -0.006 -19"><span class='ocrx_word' id='word_1_182' title='bbox 236 2465 267 2519; x_wconf 87' lang='lat' dir='ltr'>et</span> <span class='ocrx_word' id='word_1_183' title='bbox 285 2452 391 2537; x_wconf 85' lang='lat' dir='ltr'>‘quid,</span> <span class='ocrx_word' id='word_1_184' title='bbox 411 2451 437 2516; x_wconf 89' lang='lat' dir='ltr'>si</span> <span class='ocrx_word' id='word_1_185' title='bbox 455 2450 650 2516; x_wconf 77' lang='lat' dir='ltr'>comanturi&#39;</span> <span class='ocrx_word' id='word_1_186' title='bbox 669 2450 723 2514; x_wconf 90' lang='lat' dir='ltr'>ait.</span> <span class='ocrx_word' id='word_1_187' title='bbox 766 2448 852 2514; x_wconf 84' lang='lat' dir='ltr'>videt</span> <span class='ocrx_word' id='word_1_188' title='bbox 869 2449 944 2534; x_wconf 85' lang='lat' dir='ltr'>igne</span> <span class='ocrx_word' id='word_1_189' title='bbox 960 2448 1111 2513; x_wconf 87' lang='lat' dir='ltr'>micantes</span> 
     </span>
     <span class='ocr_line' id='line_1_27' title="bbox 236 2534 1090 2617; baseline -0.006 -14"><span class='ocrx_word' id='word_1_190' title='bbox 236 2537 391 2603; x_wconf 90' lang='lat' dir='ltr'>sideribus</span> <span class='ocrx_word' id='word_1_191' title='bbox 409 2537 526 2602; x_wconf 89' lang='lat' dir='ltr'>similes</span> <span class='ocrx_word' id='word_1_192' title='bbox 544 2536 666 2612; x_wconf 85' lang='lat' dir='ltr'>oculos3</span> <span class='ocrx_word' id='word_1_193' title='bbox 685 2534 770 2599; x_wconf 89' lang='lat' dir='ltr'>videt</span> <span class='ocrx_word' id='word_1_194' title='bbox 787 2534 910 2611; x_wconf 90' lang='lat' dir='ltr'>oscula,</span> <span class='ocrx_word' id='word_1_195' title='bbox 927 2554 1009 2617; x_wconf 91' lang='lat' dir='ltr'>quae</span> <span class='ocrx_word' id='word_1_196' title='bbox 1026 2556 1090 2598; x_wconf 93' lang='lat' dir='ltr'>non</span> 
     </span>
    </p>

    <p class='ocr_par' dir='ltr' id='par_1_11' title="bbox 168 2620 1094 2791">
     <span class='ocr_line' id='line_1_28' title="bbox 168 2620 1039 2705; baseline -0.009 -12"><span class='ocrx_word' id='word_1_197' title='bbox 168 2644 218 2694; x_wconf 90' lang='grc'>500</span> <span class='ocrx_word' id='word_1_198' title='bbox 236 2635 284 2691; x_wconf 91' lang='lat' dir='ltr'>est</span> <span class='ocrx_word' id='word_1_199' title='bbox 301 2622 418 2689; x_wconf 86' lang='lat' dir='ltr'>vidisse</span> <span class='ocrx_word' id='word_1_200' title='bbox 435 2622 525 2699; x_wconf 83' lang='lat' dir='ltr'>satis3</span> <span class='ocrx_word' id='word_1_201' title='bbox 542 2621 650 2686; x_wconf 88' lang='lat' dir='ltr'>laudat</span> <span class='ocrx_word' id='word_1_202' title='bbox 668 2620 846 2705; x_wconf 84' lang='lat' dir='ltr'>digitosque</span> <span class='ocrx_word' id='word_1_203' title='bbox 863 2640 1039 2703; x_wconf 88' lang='lat' dir='ltr'>manusque</span> 
     </span>
     <span class='ocr_line' id='line_1_29' title="bbox 236 2705 1094 2791; baseline -0.007 -17"><span class='ocrx_word' id='word_1_204' title='bbox 236 2706 446 2791; x_wconf 83' lang='lat' dir='ltr'>bracchiaque</span> <span class='ocrx_word' id='word_1_205' title='bbox 463 2717 495 2773; x_wconf 87' lang='lat' dir='ltr'>ct</span> <span class='ocrx_word' id='word_1_206' title='bbox 511 2707 614 2771; x_wconf 90' lang='lat' dir='ltr'>nudos</span> <span class='ocrx_word' id='word_1_207' title='bbox 630 2706 737 2771; x_wconf 88' lang='lat' dir='ltr'>media</span> <span class='ocrx_word' id='word_1_208' title='bbox 752 2705 824 2790; x_wconf 90' lang='lat' dir='ltr'>plus</span> <span class='ocrx_word' id='word_1_209' title='bbox 841 2715 931 2790; x_wconf 87' lang='lat' dir='ltr'>parte</span> <span class='ocrx_word' id='word_1_210' title='bbox 948 2705 1080 2770; x_wconf 90' lang='lat' dir='ltr'>lacertos</span> <span class='ocrx_word' id='word_1_211' title='bbox 1085 2728 1094 2781; x_wconf 86' lang='lat'><em>3</em></span> 
     </span>
    </p>

    <p class='ocr_par' dir='ltr' id='par_1_12' title="bbox 206 2794 1121 2962">
     <span class='ocr_line' id='line_1_30' title="bbox 206 2794 1057 2881; baseline 0 -22"><span class='ocrx_word' id='word_1_212' title='bbox 206 2802 208 2806; x_wconf 83' lang='grc'><strong>’</strong></span> <span class='ocrx_word' id='word_1_213' title='bbox 234 2795 262 2859; x_wconf 92' lang='lat' dir='ltr'>si</span> <span class='ocrx_word' id='word_1_214' title='bbox 278 2815 343 2879; x_wconf 90' lang='lat' dir='ltr'>qua</span> <span class='ocrx_word' id='word_1_215' title='bbox 358 2794 469 2874; x_wconf 88' lang='lat' dir='ltr'>latent,</span> <span class='ocrx_word' id='word_1_216' title='bbox 486 2796 617 2862; x_wconf 87' lang='lat' dir='ltr'>meliora</span> <span class='ocrx_word' id='word_1_217' title='bbox 632 2805 734 2881; x_wconf 85' lang='lat' dir='ltr'>putat.</span> <span class='ocrx_word' id='word_1_218' title='bbox 776 2795 860 2880; x_wconf 84' lang='lat' dir='ltr'>fugit</span> <span class='ocrx_word' id='word_1_219' title='bbox 875 2794 962 2860; x_wconf 87' lang='lat' dir='ltr'>ocior</span> <span class='ocrx_word' id='word_1_220' title='bbox 978 2818 1057 2859; x_wconf 88' lang='lat' dir='ltr'>aura</span> 
     </span>
     <span class='ocr_line' id='line_1_31' title="bbox 235 2877 1121 2962; baseline 0.007 -20"><span class='ocrx_word' id='word_1_221' title='bbox 235 2877 290 2943; x_wconf 91' lang='lat' dir='ltr'>illa</span> <span class='ocrx_word' id='word_1_222' title='bbox 306 2877 383 2955; x_wconf 90' lang='lat' dir='ltr'>levi,</span> <span class='ocrx_word' id='word_1_223' title='bbox 401 2900 505 2962; x_wconf 88' lang='lat' dir='ltr'>neque</span> <span class='ocrx_word' id='word_1_224' title='bbox 523 2880 563 2944; x_wconf 91' lang='lat' dir='ltr'>ad</span> <span class='ocrx_word' id='word_1_225' title='bbox 581 2879 660 2954; x_wconf 88' lang='lat' dir='ltr'>haec</span> <span class='ocrx_word' id='word_1_226' title='bbox 676 2881 853 2945; x_wconf 87' lang='lat' dir='ltr'>revocantis</span> <span class='ocrx_word' id='word_1_227' title='bbox 871 2881 969 2947; x_wconf 89' lang='lat' dir='ltr'>verba</span> <span class='ocrx_word' id='word_1_228' title='bbox 985 2882 1121 2949; x_wconf 65' lang='lat' dir='ltr'>resistito</span> 
     </span>
    </p>

    <p class='ocr_par' dir='ltr' id='par_1_13' title="bbox 169 2964 1255 3052">
     <span class='ocr_line' id='line_1_32' title="bbox 169 2964 1255 3052; baseline 0.009 -25"><span class='ocrx_word' id='word_1_229' title='bbox 169 3001 170 3006; x_wconf 21' lang='grc' dir='ltr'><strong>κ</strong></span> <span class='ocrx_word' id='word_1_230' title='bbox 236 2964 404 3048; x_wconf 65' lang='lat' dir='ltr'>‘nympha</span> <span class='ocrx_word' id='word_1_231' title='bbox 422 2985 543 3049; x_wconf 88' lang='lat' dir='ltr'>precor,</span> <span class='ocrx_word' id='word_1_232' title='bbox 560 2964 671 3040; x_wconf 75' lang='lat' dir='ltr'>Penei,</span> <span class='ocrx_word' id='word_1_233' title='bbox 693 2964 800 3030; x_wconf 85' lang='lat' dir='ltr'>mansl</span> <span class='ocrx_word' id='word_1_234' title='bbox 818 2987 882 3030; x_wconf 92' lang='lat' dir='ltr'>non</span> <span class='ocrx_word' id='word_1_235' title='bbox 898 2966 1049 3052; x_wconf 88' lang='lat' dir='ltr'>insequor</span> <span class='ocrx_word' id='word_1_236' title='bbox 1064 2969 1178 3036; x_wconf 83' lang='lat' dir='ltr'>hostis:</span> <span class='ocrx_word' id='word_1_237' title='bbox 1251 2983 1255 2993; x_wconf 92' lang='grc'><strong><em>’</em></strong></span> 
     </span>
    </p>

    <p class='ocr_par' dir='ltr' id='par_1_14' title="bbox 168 3049 1255 3307">
     <span class='ocr_line' id='line_1_33' title="bbox 168 3049 1255 3136; baseline 0.003 -19"><span class='ocrx_word' id='word_1_238' title='bbox 168 3068 218 3119; x_wconf 91' lang='grc'>505</span> <span class='ocrx_word' id='word_1_239' title='bbox 236 3049 391 3135; x_wconf 89' lang='lat' dir='ltr'>nympha,</span> <span class='ocrx_word' id='word_1_240' title='bbox 409 3049 516 3114; x_wconf 79' lang='lat' dir='ltr'>menei</span> <span class='ocrx_word' id='word_1_241' title='bbox 535 3049 580 3115; x_wconf 87' lang='lat' dir='ltr'>sic</span> <span class='ocrx_word' id='word_1_242' title='bbox 598 3072 681 3136; x_wconf 84' lang='lat' dir='ltr'>agna</span> <span class='ocrx_word' id='word_1_243' title='bbox 697 3051 824 3136; x_wconf 92' lang='lat' dir='ltr'>lupum,</span> <span class='ocrx_word' id='word_1_244' title='bbox 843 3051 888 3115; x_wconf 87' lang='lat' dir='ltr'>sie</span> <span class='ocrx_word' id='word_1_245' title='bbox 906 3073 1000 3117; x_wconf 86' lang='lat' dir='ltr'>cerva</span> <span class='ocrx_word' id='word_1_246' title='bbox 1016 3053 1149 3132; x_wconf 89' lang='lat' dir='ltr'>leonem,</span> <span class='ocrx_word' id='word_1_247' title='bbox 1252 3061 1255 3074; x_wconf 88' lang='lat'>&#39;</span> 
     </span>
     <span class='ocr_line' id='line_1_34' title="bbox 235 3134 1090 3221; baseline 0.006 -23"><span class='ocrx_word' id='word_1_248' title='bbox 235 3135 280 3199; x_wconf 87' lang='lat' dir='ltr'>sic</span> <span class='ocrx_word' id='word_1_249' title='bbox 298 3135 436 3218; x_wconf 86' lang='lat' dir='ltr'>aquilam</span> <span class='ocrx_word' id='word_1_250' title='bbox 454 3157 559 3221; x_wconf 89' lang='lat' dir='ltr'>penna</span> <span class='ocrx_word' id='word_1_251' title='bbox 575 3134 704 3221; x_wconf 82' lang='lat' dir='ltr'>fugiunt</span> <span class='ocrx_word' id='word_1_252' title='bbox 721 3135 897 3220; x_wconf 85' lang='lat' dir='ltr'>trepidante</span> <span class='ocrx_word' id='word_1_253' title='bbox 914 3137 1090 3216; x_wconf 87' lang='lat' dir='ltr'>columbae,</span> 
     </span>
     <span class='ocr_line' id='line_1_35' title="bbox 235 3218 1169 3307; baseline 0.007 -24"><span class='ocrx_word' id='word_1_254' title='bbox 235 3218 341 3284; x_wconf 91' lang='lat' dir='ltr'>hostes</span> <span class='ocrx_word' id='word_1_255' title='bbox 358 3240 503 3303; x_wconf 91' lang='lat' dir='ltr'>quaeque</span> <span class='ocrx_word' id='word_1_256' title='bbox 521 3241 609 3285; x_wconf 88' lang='lat' dir='ltr'>suos:</span> <span class='ocrx_word' id='word_1_257' title='bbox 628 3242 717 3285; x_wconf 88' lang='lat' dir='ltr'>amor</span> <span class='ocrx_word' id='word_1_258' title='bbox 734 3233 782 3285; x_wconf 89' lang='lat' dir='ltr'>est</span> <span class='ocrx_word' id='word_1_259' title='bbox 799 3220 876 3286; x_wconf 89' lang='lat' dir='ltr'>mihi</span> <span class='ocrx_word' id='word_1_260' title='bbox 893 3244 990 3288; x_wconf 88' lang='lat' dir='ltr'>causa</span> <span class='ocrx_word' id='word_1_261' title='bbox 1006 3225 1169 3307; x_wconf 89' lang='lat' dir='ltr'>sequendi.</span> 
     </span>
    </p>

    <p class='ocr_par' dir='ltr' id='par_1_15' title="bbox 194 3304 1064 3393">
     <span class='ocr_line' id='line_1_36' title="bbox 194 3304 1064 3393; baseline 0.01 -29"><span class='ocrx_word' id='word_1_262' title='bbox 194 3363 197 3364; x_wconf 10' lang='grc' dir='ltr'><em>γ</em></span> <span class='ocrx_word' id='word_1_263' title='bbox 235 3327 286 3370; x_wconf 90' lang='lat' dir='ltr'>me</span> <span class='ocrx_word' id='word_1_264' title='bbox 304 3304 468 3371; x_wconf 87' lang='lat' dir='ltr'>miseruml</span> <span class='ocrx_word' id='word_1_265' title='bbox 491 3328 531 3370; x_wconf 91' lang='lat' dir='ltr'>ne</span> <span class='ocrx_word' id='word_1_266' title='bbox 549 3328 648 3391; x_wconf 90' lang='lat' dir='ltr'>prona</span> <span class='ocrx_word' id='word_1_267' title='bbox 666 3306 776 3381; x_wconf 89' lang='lat' dir='ltr'>cadas,</span> <span class='ocrx_word' id='word_1_268' title='bbox 793 3306 964 3393; x_wconf 86' lang='lat' dir='ltr'>indignave</span> <span class='ocrx_word' id='word_1_269' title='bbox 980 3308 1064 3374; x_wconf 88' lang='lat' dir='ltr'>laedi</span> 
     </span>
    </p>

    <p class='ocr_par' dir='ltr' id='par_1_16' title="bbox 170 3390 1050 3469">
     <span class='ocr_line' id='line_1_37' title="bbox 170 3390 1050 3469; baseline 0.003 -14"><span class='ocrx_word' id='word_1_270' title='bbox 170 3415 173 3422; x_wconf 89' lang='lat'>·</span> <span class='ocrx_word' id='word_1_271' title='bbox 235 3413 327 3455; x_wconf 87' lang='lat' dir='ltr'>crura</span> <span class='ocrx_word' id='word_1_272' title='bbox 343 3401 453 3456; x_wconf 91' lang='lat' dir='ltr'>notent</span> <span class='ocrx_word' id='word_1_273' title='bbox 471 3401 590 3469; x_wconf 90' lang='lat' dir='ltr'>sentes,</span> <span class='ocrx_word' id='word_1_274' title='bbox 608 3401 640 3456; x_wconf 88' lang='lat' dir='ltr'>et</span> <span class='ocrx_word' id='word_1_275' title='bbox 657 3391 717 3455; x_wconf 91' lang='lat' dir='ltr'>sim</span> <span class='ocrx_word' id='word_1_276' title='bbox 735 3390 793 3456; x_wconf 90' lang='lat' dir='ltr'>tibi</span> <span class='ocrx_word' id='word_1_277' title='bbox 810 3413 907 3457; x_wconf 88' lang='lat' dir='ltr'>causa</span> <span class='ocrx_word' id='word_1_278' title='bbox 924 3394 1050 3460; x_wconf 87' lang='lat' dir='ltr'>doloris.</span> 
     </span>
    </p>

    <p class='ocr_par' dir='ltr' id='par_1_17' title="bbox 167 3477 1126 3820">
     <span class='ocr_line' id='line_1_38' title="bbox 167 3477 1126 3562; baseline 0 -18"><span class='ocrx_word' id='word_1_279' title='bbox 167 3494 217 3545; x_wconf 85' lang='grc'>510</span> <span class='ocrx_word' id='word_1_280' title='bbox 235 3498 360 3561; x_wconf 88' lang='lat' dir='ltr'>aspera,</span> <span class='ocrx_word' id='word_1_281' title='bbox 379 3496 443 3559; x_wconf 87' lang='lat' dir='ltr'>qua</span> <span class='ocrx_word' id='word_1_282' title='bbox 459 3497 624 3562; x_wconf 89' lang='lat' dir='ltr'>properas,</span> <span class='ocrx_word' id='word_1_283' title='bbox 642 3477 713 3542; x_wconf 89' lang='lat' dir='ltr'>loca</span> <span class='ocrx_word' id='word_1_284' title='bbox 729 3487 817 3542; x_wconf 87' lang='lat' dir='ltr'>sunt:</span> <span class='ocrx_word' id='word_1_285' title='bbox 834 3478 1041 3556; x_wconf 87' lang='lat' dir='ltr'>moderatius,</span> <span class='ocrx_word' id='word_1_286' title='bbox 1060 3501 1126 3557; x_wconf 90' lang='lat' dir='ltr'>oro,</span> 
     </span>
     <span class='ocr_line' id='line_1_39' title="bbox 234 3560 1125 3650; baseline 0.004 -25"><span class='ocrx_word' id='word_1_287' title='bbox 234 3583 325 3626; x_wconf 90' lang='lat' dir='ltr'>curre</span> <span class='ocrx_word' id='word_1_288' title='bbox 342 3560 516 3646; x_wconf 79' lang='lat' dir='ltr'>fugamque</span> <span class='ocrx_word' id='word_1_289' title='bbox 533 3561 655 3627; x_wconf 87' lang='lat' dir='ltr'>inhibe:</span> <span class='ocrx_word' id='word_1_290' title='bbox 673 3562 865 3627; x_wconf 88' lang='lat' dir='ltr'>moderatius</span> <span class='ocrx_word' id='word_1_291' title='bbox 882 3564 1032 3649; x_wconf 89' lang='lat' dir='ltr'>insequar</span> <span class='ocrx_word' id='word_1_292' title='bbox 1047 3564 1125 3650; x_wconf 88' lang='lat' dir='ltr'>ipse.</span> 
     </span>
     <span class='ocr_line' id='line_1_40' title="bbox 234 3645 1082 3731; baseline 0.004 -20"><span class='ocrx_word' id='word_1_293' title='bbox 234 3647 285 3711; x_wconf 90' lang='lat' dir='ltr'>cui</span> <span class='ocrx_word' id='word_1_294' title='bbox 303 3646 443 3731; x_wconf 89' lang='lat' dir='ltr'>placeas,</span> <span class='ocrx_word' id='word_1_295' title='bbox 460 3645 584 3731; x_wconf 93' lang='lat' dir='ltr'>inquire</span> <span class='ocrx_word' id='word_1_296' title='bbox 601 3659 718 3712; x_wconf 89' lang='lat' dir='ltr'>tamen.</span> <span class='ocrx_word' id='word_1_297' title='bbox 756 3669 821 3711; x_wconf 92' lang='lat' dir='ltr'>non</span> <span class='ocrx_word' id='word_1_298' title='bbox 838 3647 942 3715; x_wconf 92' lang='lat' dir='ltr'>incola</span> <span class='ocrx_word' id='word_1_299' title='bbox 957 3650 1082 3725; x_wconf 90' lang='lat' dir='ltr'>montis,</span> 
     </span>
     <span class='ocr_line' id='line_1_41' title="bbox 233 3732 1100 3820; baseline 0.005 -24"><span class='ocrx_word' id='word_1_300' title='bbox 233 3753 297 3796; x_wconf 93' lang='lat' dir='ltr'>non</span> <span class='ocrx_word' id='word_1_301' title='bbox 314 3753 375 3818; x_wconf 85' lang='lat' dir='ltr'>ego</span> <span class='ocrx_word' id='word_1_302' title='bbox 393 3753 463 3796; x_wconf 92' lang='lat' dir='ltr'>sum</span> <span class='ocrx_word' id='word_1_303' title='bbox 480 3744 598 3817; x_wconf 89' lang='lat' dir='ltr'>pastor,</span> <span class='ocrx_word' id='word_1_304' title='bbox 615 3753 679 3797; x_wconf 90' lang='lat' dir='ltr'>non</span> <span class='ocrx_word' id='word_1_305' title='bbox 696 3732 749 3798; x_wconf 91' lang='lat' dir='ltr'>hie</span> <span class='ocrx_word' id='word_1_306' title='bbox 766 3745 907 3798; x_wconf 86' lang='lat' dir='ltr'>armenta</span> <span class='ocrx_word' id='word_1_307' title='bbox 922 3756 1100 3820; x_wconf 82' lang='lat' dir='ltr'>gregesque</span> 
     </span>
    </p>

    <p class='ocr_par' dir='ltr' id='par_1_18' title="bbox 170 3816 1031 3895">
     <span class='ocr_line' id='line_1_42' title="bbox 170 3816 1031 3895; baseline 0.006 -16"><span class='ocrx_word' id='word_1_308' title='bbox 170 3838 172 3851; x_wconf 56' lang='lat'><em>¹</em></span> <span class='ocrx_word' id='word_1_309' title='bbox 233 3816 379 3881; x_wconf 89' lang='lat' dir='ltr'>horridus</span> <span class='ocrx_word' id='word_1_310' title='bbox 397 3817 540 3882; x_wconf 85' lang='lat' dir='ltr'>observo.</span> <span class='ocrx_word' id='word_1_311' title='bbox 583 3819 700 3894; x_wconf 89' lang='lat' dir='ltr'>nescis,</span> <span class='ocrx_word' id='word_1_312' title='bbox 719 3819 899 3895; x_wconf 88' lang='lat' dir='ltr'>temeraria,</span> <span class='ocrx_word' id='word_1_313' title='bbox 917 3820 1031 3895; x_wconf 90' lang='lat' dir='ltr'>nescis,</span> 
     </span>
    </p>

    <p class='ocr_par' dir='ltr' id='par_1_19' title="bbox 165 3901 1136 4165">
     <span class='ocr_line' id='line_1_43' title="bbox 165 3901 1136 3992; baseline -0.001 -20"><span class='ocrx_word' id='word_1_314' title='bbox 165 3922 215 3972; x_wconf 85' lang='grc'>515</span> <span class='ocrx_word' id='word_1_315' title='bbox 232 3923 328 3986; x_wconf 88' lang='lat' dir='ltr'>quem</span> <span class='ocrx_word' id='word_1_316' title='bbox 345 3901 465 3989; x_wconf 84' lang='lat' dir='ltr'>fugias,</span> <span class='ocrx_word' id='word_1_317' title='bbox 482 3902 617 3986; x_wconf 89' lang='lat' dir='ltr'>ideoque</span> <span class='ocrx_word' id='word_1_318' title='bbox 635 3903 731 3988; x_wconf 81' lang='lat' dir='ltr'>fugis.</span> <span class='ocrx_word' id='word_1_319' title='bbox 775 3903 852 3968; x_wconf 94' lang='lat' dir='ltr'>mihi</span> <span class='ocrx_word' id='word_1_320' title='bbox 869 3903 1028 3992; x_wconf 89' lang='lat' dir='ltr'>Delphica</span> <span class='ocrx_word' id='word_1_321' title='bbox 1044 3905 1136 3971; x_wconf 90' lang='lat' dir='ltr'>tellus</span> 
     </span>
     <span class='ocr_line' id='line_1_44' title="bbox 233 3985 1122 4075; baseline 0.001 -21"><span class='ocrx_word' id='word_1_322' title='bbox 233 3999 265 4054; x_wconf 91' lang='lat' dir='ltr'>et</span> <span class='ocrx_word' id='word_1_323' title='bbox 283 3985 396 4055; x_wconf 82' lang='lat' dir='ltr'>Claros</span> <span class='ocrx_word' id='word_1_324' title='bbox 413 4000 444 4055; x_wconf 92' lang='lat' dir='ltr'>et</span> <span class='ocrx_word' id='word_1_325' title='bbox 462 3986 610 4055; x_wconf 83' lang='lat' dir='ltr'>Tenedos</span> <span class='ocrx_word' id='word_1_326' title='bbox 627 3988 827 4074; x_wconf 87' lang='lat' dir='ltr'>Patareaque</span> <span class='ocrx_word' id='word_1_327' title='bbox 844 3988 933 4075; x_wconf 84' lang='lat' dir='ltr'>regia</span> <span class='ocrx_word' id='word_1_328' title='bbox 950 3989 1055 4055; x_wconf 88' lang='lat' dir='ltr'>servit.</span> <span class='ocrx_word' id='word_1_329' title='bbox 1118 4009 1122 4020; x_wconf 69' lang='lat'><strong><em>⁴</em></strong></span> 
     </span>
     <span class='ocr_line' id='line_1_45' title="bbox 231 4073 1133 4165; baseline 0.004 -24"><span class='ocrx_word' id='word_1_330' title='bbox 231 4073 374 4164; x_wconf 88' lang='lat' dir='ltr'>Iuppiter</span> <span class='ocrx_word' id='word_1_331' title='bbox 392 4084 440 4145; x_wconf 88' lang='lat' dir='ltr'>est</span> <span class='ocrx_word' id='word_1_332' title='bbox 455 4073 593 4165; x_wconf 83' lang='lat' dir='ltr'>genitor:</span> <span class='ocrx_word' id='word_1_333' title='bbox 610 4097 668 4164; x_wconf 90' lang='lat' dir='ltr'>per</span> <span class='ocrx_word' id='word_1_334' title='bbox 684 4097 750 4155; x_wconf 91' lang='lat' dir='ltr'>me,</span> <span class='ocrx_word' id='word_1_335' title='bbox 768 4075 854 4163; x_wconf 90' lang='lat' dir='ltr'>quod</span> <span class='ocrx_word' id='word_1_336' title='bbox 871 4075 991 4163; x_wconf 85' lang='lat' dir='ltr'>eritque</span> <span class='ocrx_word' id='word_1_337' title='bbox 1008 4074 1133 4165; x_wconf 87' lang='lat' dir='ltr'>fuitque</span> 
     </span>
    </p>
   </div>
   <div class='ocr_carea' id='block_1_5' title="bbox 0 0 1413 4500">
    <p class='ocr_par' dir='ltr' id='par_1_20' title="bbox 0 0 1413 4500">
     <span class='ocr_line' id='line_1_46' title="bbox 0 0 1413 4500; baseline 0 0"><span class='ocrx_word' id='word_1_338' title='bbox 0 0 1413 4500; x_wconf 95' lang='lat' dir='ltr'> </span> 
     </span>
    </p>
   </div>
  </div>
 </body>
</html>
