2800 4500
296 278 664 342 666666666666666
679 282 754 340 Lm.
771 278 840 342 666
854 285 998 342 664-666.
1099 263 1169 337 1'21‘

138 407 221 475 luite
238 409 280 473 ad
298 408 381 473 bella
397 396 489 494 pares
507 409 597 473 annis
615 407 791 492 animisque
809 419 990 492 sequentur,
1024 398 1029 407 ’

101 515 104 519 ’
138 517 213 560 cum
231 495 382 580 primum,
400 493 455 578 qui
473 506 505 559 te
521 493 655 559 feliciter
671 494 790 570 attulit,
808 494 917 559 eurus'

139 585 250 665 (eurus
267 579 351 645 enim
369 578 531 662 attulerat)
549 578 659 644 ‘fuerit
674 589 816 645 mutatus
832 580 867 643 in
885 577 1049 645 austrum!
1179 601 1229 652 666

181 664 315 729 Talibus
332 674 427 748 atque
445 665 513 728 aliis
529 665 660 750 longum
678 664 876 730 sermonibus
893 664 939 729 illi
1071 665 1229 746 thlalvfet

139 750 310 836 implevere
327 750 420 816 diem.
465 750 543 815 lucis
561 772 634 834 pers
649 751 762 815 ultima
777 773 906 815 mensae
1091 734 1207 789 pm·

130 847 188 915 est
205 836 293 911 data,
311 857 377 900 nox
393 835 521 900 somnis.
563 835 656 899 iubar
673 858 787 900 aureus
805 835 960 902 extulerat
976 836 1038 902 sol:

139 921 237 987 flabat
254 920 358 986 adhuc
374 943 469 986 eurus
486 921 688 1004 redituraque
706 921 777 986 vela
794 921 931 987 tenebat.

139 1007 182 1072 ad
200 1003 380 1093 Cephalum
395 1006 542 1071 Pallante
560 1005 634 1083 sati,
652 1006 705 1071 eni
745 1007 872 1071 randior
889 1018 986 1086 aetas,
1179 1027 1229 1079 ees

140 1092 182 1156 ad
198 1113 307 1177 regem
326 1088 488 1178 Cephalus
505 1091 599 1156 simul
617 1101 649 1157 et
665 1029 813 1157 Pallante
830 1094 927 1158 creati

140 1176 341 1243 conveniunt.
385 1177 441 1243 sed
458 1176 563 1241 adbuc
580 1199 689 1263 regem
707 1199 743 1242 so
766 1198 803 1242 or
819 1178 901 1242 altus
918 1177 1067 1244 habebat.

140 1261 257 1347 excipit
273 1260 432 1327 Aeacides
448 1261 518 1327 illos
535 1262 569 1327 in
585 1262 694 1328 limine
710 1200 854 1328 Picens:

138 1371 214 1412 nam
232 1346 387 1413 Telamon
404 1346 564 1431 fraterque
581 1348 666 1412 viros
683 1348 726 1412 ad
743 1348 826 1413 bella
842 1348 1002 1435 legebant.

138 1431 268 1499 Phocus
284 1432 317 1496 in
333 1432 465 1498 interius
482 1433 618 1519 spatium
636 1432 848 1519 pulchrosque
865 1457 1008 1500 recessus

141 1516 334 1603 Cecropidas
351 1517 451 1583 ducite
470 1539 542 1582 oum
561 1518 632 1603 quis
651 1519 745 1583 simul
762 1519 830 1605 ipse
846 1520 973 1587 resedit.

139 1603 253 1690 aspicit
269 1603 426 1669 Aeoliden
442 1603 552 1689 ignota
569 1625 610 1669 ex
627 1604 740 1670 arbore
757 1604 878 1670 factum

138 1689 221 1754 ferre
237 1711 335 1753 manu
351 1688 505 1765 iaculum,
525 1689 614 1755 cuius
631 1690 692 1754 fuit
709 1712 806 1754 aurea
824 1691 939 1776 cuspis.

138 1796 242 1860 panca
258 1773 346 1859 prius
363 1774 475 1840 mediis
494 1774 692 1840 sermonibus
709 1775 762 1840 ille
780 1775 905 1841 locutus

139 1866 225 1924 ‘sum
241 1881 408 1924 nemorum
425 1859 599 1924 studiosus’
617 1859 661 1924 ait
679 1860 862 1944 ‘caedisque
878 1861 1015 1928 16616666

138 1967 203 2029 qua
219 1955 325 2010 tamen
343 1967 361 2009 e
378 1946 458 2010 silva
474 1957 583 2010 teneas
600 1944 713 2010 hastile
730 1947 875 2022 recisum,

136 2030 323 2095 iamdudum
341 2030 461 2094 dubito.
505 2042 590 2096 certe
607 2030 634 2094 si
651 2030 794 2095 16661666
812 2043 904 2107 66666,

136 2115 227 2181 16166
244 2116 348 2180 661666
365 2115 460 2181 foret:
478 2115 506 2180 si
524 2136 652 2192 cornus,
669 2115 773 2180 nodus
789 2116 916 2182 inesset.

137 2201 223 2266 unde
240 2200 296 2278 sit,
313 2200 436 2287 ignoro.
480 2199 535 2267 sed
552 2222 617 2266 non
633 2200 802 2267 formosius
819 2201 879 2267 isto

136 2287 284 2352 viderunt
300 2286 384 2352 oculi
400 2286 500 2352 telum
516 2286 683 2353 iaculabile
700 2287 820 2352 nostri.'

137 2372 254 2457 excipit
270 2372 401 2438 Actaeis
419 2394 437 2437 e
454 2372 605 2437 fratribus
622 2373 751 2438 alteret
769 2379 877 2437 ‘usum

136 2458 287 2522 maiorem
305 2457 410 2543 specie
427 2457 596 2522 mirabere’
615 2457 695 2523 dixit
713 2458 848 2523 ί161666.

136 2542 349 2625 consequitur,
366 2541 589 2627 quodcumque
606 2544 700 2628 petit,
718 2543 908 2627 fortunaque
925 2546 1057 2612 missurn

135 2649 201 2693 non
217 2627 314 2712 regit;
333 2638 365 2692 et
381 2628 502 2693 revolat
518 2628 606 2693 nullo
623 2628 779 2695 referente
798 2632 984 2696 cruentum!

134 2724 204 2778 tum
222 2734 297 2779 vero
313 2712 436 2778 iuvenis
453 2712 587 2780 Neretus
605 2714 712 2778 omnia
729 2716 861 2798 quaerit,

136 2820 193 2863 our
209 2799 264 2875 sit,
283 2809 314 2862 et
331 2798 416 2863 unde
434 2798 558 2874 datum,
576 2799 647 2882 quis
665 2799 745 2863 tanti
763 2800 901 2866 muneris
920 2813 1039 2867 auctor.

135 2905 218 2967 quae
235 2882 327 2968 petit,
345 2883 397 2949 ille
415 2883 521 2948 refert.
565 2884 724 2950 sedenim
741 2908 869 2950 narrare
887 2887 1002 2972 pudori
1020 2899 1077 2967 est,

135 2990 200 3051 qua
216 2968 321 3033 tulerit
338 2969 497 3033 mercede:
516 2968 601 3045 silet,
619 2979 786 3053 tactusque
805 2970 913 3036 dolore

135 3052 280 3139 coniugis
297 3054 431 3117 amissae
448 3054 586 3118 lacrimis
603 3054 648 3118 166
665 3053 752 3119 fatur
768 3055 901 3120 obortis:

135 3138 211 3203 ‘hoc
228 3160 294 3214 me,
313 3151 386 3203 nate
404 3138 478 3216 dea,
497 3137 584 3221 (quis
601 3139 701 3223 possit
718 3140 880 3226 66616661)
897 3142 995 3207 telum

133 3223 209 3288 flere
226 3222 304 3287 facit
320 3222 479 3306 facietque
497 3224 564 3299 diu,
583 3225 610 3288 si
627 3223 735 3289 vivere
752 3225 843 3290 nobis

134 3308 201 3373 1666
219 3308 273 3372 din
292 3307 445 3373 dederint.
489 3308 550 3374 hoo
567 3331 619 3374 me
637 3331 709 3374 oum
728 3311 863 3397 coniuge
881 3333 954 3377 6666

158 3393 283 3458 erdidit:
302 3392 363 3458 hoc
380 3392 501 3457 utinam
519 3394 689 3459 caruissem
708 3418 839 3461 munere
856 3397 994 3482 semperl

132 3416 260 3544 l³rocris
279 3488 360 3555 erat3
379 3477 406 3542 si
422 3478 504 3543 forte
521 3480 624 3566 magis
665 3481 787 3546 ervenit
804 3482 845 3546 ad
862 3505 954 3547 aures

135 3560 284 3664 Orithyia
301 3573 387 3640 tuas,
404 3575 513 3649 raptae
530 3585 620 3629 soror
637 3502 819 3651 brithyiae:
911 3610 913 3613 >
1174 3592 1223 3642 695

134 3648 161 3712 61
178 3648 292 3713 famem
310 3669 477 3731 moresque
494 3650 572 3715 velis
590 3649 733 3716 conferre
751 3651 896 3730 duarum,

134 3733 259 3818 dignior
275 3734 346 3818 ipsa
361 3733 440 3818 rapi.
482 3744 573 3818 pater
589 3734 672 3801 hanc
688 3736 766 3800 mihi
783 3738 885 3802 iunxit
902 3738 1111 3818 Erechtheus,

132 3818 216 3883 hano
234 3818 311 3882 mihi
327 3818 431 3882 iunxit
448 3840 546 3884 amor.
589 3820 666 3884 felix
683 3821 812 3887 dicebar
829 3845 989 3907 eramque.

132 3924 197 3967 non
215 3902 260 3967 ita
277 3903 326 3967 dis
343 3903 447 3967 visum
466 3918 528 3981 est,
545 3915 601 3969 eut
618 3927 704 3971 nnnc
721 3927 847 3990 quoque
865 3909 997 3975 forsitan
1016 3932 1129 3977 essem.

133 3988 213 4053 alter
230 3989 385 4075 agebatur
402 4000 474 4074 post
491 4012 582 4054 sacra
598 3990 718 4075 iugalia
734 3992 864 4070 mensis3
1174 4017 1224 4067 too

134 4095 208 4142 cum
223 4095 276 4141 me
294 4074 465 4161 cornigeris
483 4075 663 4143 tendentem
680 4076 761 4145 retia
778 4077 879 4148 cervis
1214 4113 1215 4116 ¹
