2800 4500
251 266 314 335 110
430 288 458 299 ''
585 279 619 336 P.
638 279 762 364 OVIDiI
778 279 974 339 NASONIS·

250 425 310 470 nec
327 402 409 469 sinat
426 401 487 469 hoo
503 403 641 482 Hecate,
658 425 718 470 neo
735 414 771 469 tu
788 405 868 490 petis
886 426 998 489 aequa.
1043 403 1098 469 sed
1115 403 1185 482 isto,

184 510 232 559 115
250 489 336 573 quod
353 488 448 574 petis,
466 488 611 574 experiar
626 489 730 555 maius
748 489 823 556 dare
839 512 970 567 munus,
987 489 1094 555 Iason.

249 586 317 641 arte
333 596 405 639 mea
422 574 523 641 soceri
538 575 670 662 longum
687 575 912 661 temptabimus
930 598 1054 652 aevum,

249 683 313 725 non
331 659 421 724 annis
438 681 591 726 renovare
608 660 685 726 tuis:
702 661 797 726 modo
815 661 889 726 diva
905 661 1055 726 triformis

250 745 378 812 adiuvet
395 756 427 813 ct
443 767 592 831 praesens
609 745 791 831 ingentibus
809 746 927 811 adnuat
944 746 1049 812 ausis!

249 843 314 897 tres
331 831 462 897 aberant
478 842 601 908 noctes,
620 844 655 896 ut
672 853 791 897 cornua
808 842 875 897 tota
891 832 1011 897 coirent

183 938 233 988 180
250 917 474 1001 efficerentque
491 917 610 983 orbem.
653 928 821 1001 postquam
837 918 1018 1002 plenissima
1034 917 1121 984 fulsit
1224 950 1228 955 ·

250 1014 282 1068 et
299 1002 399 1067 solida
415 1014 514 1068 terras
532 1002 686 1088 spectavit
703 1002 843 1088 imagine
858 1004 945 1080 luna,

250 1087 411 1174 egreditur
427 1087 517 1153 tectis
535 1098 639 1152 vestes
656 1088 768 1152 induta
784 1088 948 1165 recinctas,

250 1174 336 1238 nuda
352 1173 481 1259 pedem,
499 1172 602 1237 nudos
619 1173 736 1238 umeris
753 1173 860 1238 infusa
877 1174 1016 1259 capillos,

181 1260 188 1317 .’
250 1259 375 1343 fertque
394 1280 493 1345 vagos
510 1258 634 1323 mediae
651 1280 709 1344 per
726 1270 815 1324 muta
832 1260 955 1325 silentia
971 1258 1071 1325 noctis

183 1364 231 1414 185
249 1344 431 1409 incomitata
447 1344 575 1429 gradus.
619 1343 762 1409 homines
779 1343 986 1429 volucresque
1003 1343 1150 1428 ferasque

250 1430 386 1495 solverat
403 1430 467 1494 alta
483 1430 587 1530 quies:
604 1429 691 1494 nullo
710 1440 794 1495 stunt
812 1452 972 1496 murmure
991 1452 1115 1516 saepes:

248 1515 461 1599 immotaeque
478 1515 571 1580 silent
587 1514 730 1591 frondes,
748 1515 819 1582 silet
835 1514 984 1579 humidus
1002 1519 1069 1581 air:

250 1600 353 1665 sidera
370 1601 437 1665 sola
453 1599 580 1665 micant
624 1600 766 1684 adquae
783 1623 841 1666 sua
858 1599 1006 1665 bracchia
1022 1601 1156 1669 tendens

249 1696 297 1750 ter
314 1708 348 1751 se
366 1685 532 1761 convertit,
550 1696 598 1751 ter
615 1686 748 1771 sumptis
763 1685 896 1751 flumine
913 1685 1031 1750 crinem

182 1790 233 1840 190
248 1771 399 1835 inroravit
416 1770 507 1855 aquis
523 1772 683 1855 ternisque
701 1770 873 1836 ululatibus
891 1793 946 1835 ora

249 1856 357 1934 solvit,
375 1857 455 1921 etin
474 1857 554 1921 dura
570 1856 739 1922 summisso
755 1856 875 1943 poplite
892 1868 976 1923 terra

249 1941 341 2006 ‘nox’
359 1941 402 2006 ait
420 1943 557 2007 ‘arcanis
573 1941 740 2019 fidissima,
758 1963 904 2026 quaeque
921 1941 1042 2008 diurnis

249 2049 346 2092 aurea
362 2049 435 2092 cum
451 2029 529 2093 luna
546 2028 714 2093 succeditis
730 2027 874 2114 ignibus,
891 2041 986 2105 astra,

186 2154 188 2163 ·
249 2125 348 2196 tuque
364 2112 480 2199 triceps
497 2114 634 2190 Hecate,
652 2134 735 2196 quae
753 2114 872 2199 coeptis
890 2114 1016 2178 conscia
1032 2114 1146 2181 nostris

182 2216 230 2267 115
250 2198 450 2283 adiutrixque
478 2199 567 2264 venis
589 2209 763 2283 cantusque
789 2200 927 2285 artisque
944 2220 1120 2301 magorum,
1236 2236 1239 2241 ·

248 2306 393 2368 quaeque
410 2306 535 2370 magos,
553 2283 677 2362 Tellus,
694 2284 885 2370 pollentibus
902 2284 1029 2350 instruis
1046 2285 1163 2363 herbis,

248 2391 408 2453 auraeque
425 2380 457 2435 et
473 2369 561 2435 venti
576 2380 764 2452 montesque
780 2391 952 2453 amnesque
968 2370 1132 2454 lacusque,

248 2455 344 2538 dique
361 2476 471 2520 omnes
488 2475 653 2521 nemorum
671 2455 767 2537 dique
785 2476 893 2520 omnes
911 2455 1026 2531 noctis,
1044 2453 1165 2523 adestel

247 2560 382 2623 quorum
399 2562 474 2625 ope,
492 2562 566 2605 cum
583 2540 684 2616 volui,
701 2540 777 2626 ripis
794 2540 981 2605 mirantibus
999 2563 1107 2607 amnes

181 2644 231 2694 100
248 2626 281 2689 in
298 2626 402 2692 fontes
418 2624 542 2691 rediere
559 2646 648 2690 suosz
666 2647 884 2709 concussaque
902 2625 989 2703 sisto,

248 2710 363 2775 stantia
380 2710 526 2775 concutio
544 2721 639 2775 cantu
657 2711 752 2788 freta,
769 2711 879 2776 nubila
895 2712 979 2796 pello

246 2795 419 2879 nubilaque
434 2795 566 2873 induco,
583 2809 694 2861 ventos
712 2797 870 2882 abigoque
887 2819 1040 2881 voeoque,

247 2880 390 2967 vipereas
408 2903 521 2967 rumpo
539 2881 645 2947 verbis
663 2894 695 2947 et
712 2882 850 2948 carmine
867 2882 987 2960 fauces,

248 2966 384 3049 vivaque
401 2988 479 3032 saxa
494 2989 554 3032 sue
570 2968 784 3052 convulsaque
801 2968 916 3033 robora
932 2979 1016 3032 terra

179 3071 229 3122 105
248 3063 279 3116 11
295 3052 391 3116 silvas
408 3073 536 3130 moveo,
553 3053 712 3137 iubeoque
728 3065 914 3119 tremescere
931 3064 1060 3118 montes·

247 3148 279 3202 et
295 3137 420 3222 mugire
437 3138 540 3202 solum
557 3137 736 3223 Manesque
754 3138 839 3204 exire
857 3161 892 3203 se
914 3136 1020 3202 ulcris.

247 3234 278 3287 te
296 3243 437 3306 quoque,
455 3223 565 3300 Luna,
583 3224 688 3300 traho,
707 3224 851 3307 quamvis
899 3244 1044 3289 emesaea
1060 3225 1183 3292 labores

247 3330 322 3373 aera
338 3319 409 3372 tuos
427 3308 585 3385 minuant3
603 3330 714 3374 currus
732 3329 859 3392 quoque
877 3308 1016 3373 carmine
1032 3322 1140 3376 nostro

246 3394 344 3478 pallet
361 3393 431 3468 avi,
444 3394 542 3478 pallet
558 3395 674 3458 nostris
692 3393 820 3457 Aurora
836 3393 976 3458 venenis.

180 3497 229 3548 210
247 3501 304 3543 vos
321 3478 399 3542 mihi
416 3490 579 3543 taurorum
596 3478 740 3543 flammas
757 3478 928 3544 hebetastis
945 3491 977 3544 et
994 3500 1076 3544 unco

246 3562 413 3648 impatiens
431 3563 534 3628 oneris
552 3565 668 3630 collum
685 3563 842 3649 pressistis
860 3575 974 3629 aratro.

247 3668 303 3712 vos
322 3646 549 3734 serpentigenis
566 3649 600 3713 in
617 3671 652 3715 11
669 3649 738 3714 fera
754 3649 838 3714 bella
855 3649 985 3714 dedistis

247 3733 474 3817 custodemque
491 3734 602 3800 rudem
620 3733 722 3798 somni
739 3734 878 3835 sopistis,
897 3745 928 3799 et
945 3758 1058 3799 aurum

189 3858 192 3872 «
246 3817 371 3883 vindice
388 3818 521 3903 decepto
539 3817 655 3885 Graias
671 3818 799 3883 misisus
816 3819 849 3883 in
866 3820 970 3885 urbes.

180 3921 228 3970 215
247 3924 333 3967 nunc
350 3924 429 3987 opus
448 3915 496 3968 est
513 3905 610 3982 sucis,
628 3925 686 3990 per
702 3925 782 3987 quos
799 3916 950 3970 renovata
967 3917 1111 3972 senectus

246 3987 280 4051 in
296 3986 407 4052 florem
416 3988 533 4053 ‘redeat
549 3989 732 4074 primosque
748 3990 912 4077 recolligat
929 4012 1037 4055 annos.

247 4082 279 4144 et
295 4070 424 4142 dabitat
442 4094 546 4158 neque
563 4074 647 4144 euim
664 4075 841 4158 micuerunt
859 4076 962 4144 sidera
979 4075 1107 4156 frustra,
