2800 4500
201 320 203 335 ,
255 269 319 340 154
585 283 619 343 Ρ.
639 283 764 346 OVIDII
780 281 944 346 NASONIS
1029 326 1037 338 .

254 432 327 477 ecce
344 408 394 476 vir
409 409 617 476 Andraemon
634 411 821 498 genitorque
837 409 1032 478 miserrimus
1049 411 1165 478 adsunt

255 507 287 561 et
303 508 460 582 quaerunt
476 496 645 584 Dryopen:
663 497 819 583 Dryopen
837 497 1060 583 quaerentibus
1076 498 1138 563 illis

186 602 236 653 365
254 582 378 648 ostendi
395 582 492 647 loton.
536 582 642 667 tepido
660 582 737 647 dant
754 584 862 649 oscula
877 583 965 669 ligno
1041 616 1044 627 ¹

254 667 422 751 adfusique
440 690 516 733 suae
533 668 692 733 radicibus
710 668 831 733 arboris
848 668 989 734 haerent

253 753 298 818 nil
316 751 377 817 nisi
393 752 457 818 iam
472 752 602 830 faciem,
619 753 707 838 quod
723 776 788 819 non
804 754 887 820 foret
904 755 1008 832 arbor,
1025 754 1162 819 habebat

254 860 328 904 cara
340 836 443 904 soror.
485 839 634 904 lacrimae
651 838 767 905 misero
784 840 825 905 de
842 861 974 927 corpore
991 840 1084 905 factis

253 923 392 989 inrorant
409 924 493 990 foliis
498 948 508 1001 3
528 934 560 988 et
580 924 657 989 dum
673 924 757 1001 licet,
775 946 895 1009 oraque
911 936 1072 1011 praestant

185 1031 237 1080 373
255 1009 340 1075 vocis
357 1010 427 1087 iter,
444 1010 523 1075 tales
541 1008 677 1075 effundit
688 1010 727 1074 in
744 1016 819 1076 a'e‘ra
835 1022 981 1095 questus:

254 1095 306 1159 “si
323 1116 387 1179 qua
403 1095 483 1161 fides
499 1095 636 1173 miseris,
653 1094 714 1161 boc
732 1119 783 1161 me
801 1118 859 1182 per
874 1096 1006 1161 numina
1022 1097 1092 1162 iuro

252 1203 316 1246 non
333 1180 486 1246 meruisse
502 1181 606 1246 nefas:
624 1181 728 1266 patior
745 1181 812 1247 sine
829 1181 959 1248 crimine
975 1204 1121 1268 poenam.

234 1342 236 1346 ,
253 1265 390 1332 viximus
407 1265 572 1332 innocuae.
616 1266 643 1331 si
660 1266 805 1343 mentior,
822 1267 911 1352 arida
927 1268 1059 1354 perdam

253 1373 333 1436 quas
350 1350 452 1418 babeo
468 1352 613 1429 frondes,
632 1363 663 1417 et
680 1374 773 1417 caesa
790 1352 953 1419 securibus
970 1376 1054 1418 urar.

185 1457 235 1507 875
253 1438 338 1502 bunc
355 1449 461 1503 tamen
477 1437 631 1503 infantem
648 1438 797 1503 maternis
815 1438 931 1504 demite
947 1438 1043 1504 ramis

254 1534 285 1589 et
303 1523 376 1589 date
394 1521 518 1598 nutrici,
530 1517 713 1607 [nostraque
731 1522 791 1588 sub
809 1523 921 1589 arbore
939 1546 1034 1611 saepe

253 1609 302 1674 lac
318 1607 447 1674 facitote
464 1604 577 1694 bibat]
583 1623 756 1693 nostraque
773 1609 834 1674 sub
851 1608 963 1675 arbore
981 1611 1079 1676 ludat.

253 1714 389 1778 cumque
406 1693 492 1778 loqui
508 1694 637 1780 poterit,
654 1706 787 1760 matrem
803 1695 931 1761 facitote
949 1695 1064 1763 salutet

253 1790 286 1845 et
302 1778 398 1845 tristis
417 1780 501 1845 dicat
519 1781 631 1845 “‘latet
647 1779 709 1846 hoc
725 1780 758 1845 in
777 1779 883 1866 stipite
899 1780 1042 1847 mater.''’

185 1886 236 1939 383
254 1876 302 1930 sta
347 1889 367 1930 a
383 1876 490 1931 tamen
506 1866 616 1932 timeat
629 1887 691 1932 neo
709 1877 818 1952 carpat
834 1867 876 1932 ab
893 1866 1005 1933 arbore
1022 1867 1114 1933 flores

253 1962 285 2017 et
315 1950 431 2017 rutioes
449 1974 559 2017 omnes
576 1973 691 2039 corpus
708 1963 800 2038 putet
816 1974 885 2019 esse
903 1953 1044 2018 dearum.

253 2059 325 2103 care
342 2037 414 2102 vale
431 2038 584 2115 coniunx,
602 2047 635 2104 et
650 2048 687 2102 tu
704 2060 870 2124 germana,
913 2038 1057 2123 aterque!

252 2122 322 2206 qui,
340 2123 367 2188 si
385 2144 455 2207 qua·
466 2134 513 2188 est
530 2124 645 2210 pietas,
664 2123 706 2188 ab
723 2136 835 2190 acutae
852 2062 982 2190 vulnere
999 2123 1100 2203 falcis,

250 2214 272 2273 'a
289 2209 412 2296 pecoris
434 2229 542 2275 morsu
559 2208 689 2275 frondes
708 2209 869 2277 defendite
886 2221 1019 2276 nostras.

185 2315 234 2366 385
253 2305 285 2360 et
302 2295 450 2379 quoniam
468 2295 547 2360 mibi
563 2295 613 2361 fas
629 2295 671 2360 ad
688 2316 747 2361 vos
763 2296 947 2363 incumbere
964 2318 1027 2361 non
1046 2307 1104 2376 est,

253 2380 363 2466 erigite
380 2380 443 2446 buo
460 2397 547 2446 artus
565 2380 655 2447 etad
672 2381 781 2447 oscula
796 2393 905 2448 nostra
921 2382 1049 2459 venite,'

252 2467 329 2531 dum
348 2465 436 2551 tangi
453 2478 596 2552 possunt,
611 2488 810 2553 parvumque
827 2468 958 2534 attollite
975 2480 1096 2532 natum.

252 2551 344 2638 plura
359 2551 447 2635 loqui
464 2571 602 2636 neque03
619 2551 775 2617 narniam
792 2575 850 2638 per
867 2553 1002 2618 candida
1017 2553 1120 2620 mollis

252 2636 333 2702 oolla
349 2636 430 2702 liber
446 2637 763 2722 serpit,=summoque
781 2639 945 2705 cacumine
962 2638 1090 2704 condor.

184 2742 234 2792 333
252 2745 292 2787 ex
310 2721 408 2787 oculis
425 2733 584 2788 removete
601 2744 730 2788 manus:
749 2723 817 2789 sine
834 2746 965 2791 munere
982 2736 1087 2791 vestro

252 2818 400 2894 contegat
415 2807 564 2874 inductus
582 2808 748 2874 morientia
764 2809 885 2875 lumina
902 2811 1040 2876 cortex.”

252 2892 409 2959 desierant
426 2893 521 2959 simul
538 2916 594 2959 ora
609 2894 712 2978 loqui,
730 2895 823 2960 simul
841 2917 925 2962 esse:
943 2896 1062 2979 diuque

251 3000 382 3129 coppore
398 2989 519 3047 mutato
536 2979 616 3045 rami
634 2981 760 3047 caluere
776 2981 938 3048 recentes?

327 3086 446 3149 umque
463 3064 560 3132 refert
577 3065 645 3131 Iole
663 3065 783 3131 factum
800 3067 954 3143 mirabile,
971 3066 1113 3152 dumque
1174 3083 1274 3137 lolam.

183 3169 232 3220 333
250 3148 425 3235 Eurytidos
441 3150 587 3216 lacrimas
604 3151 732 3217 admoto
748 3152 863 3237 pollice
880 3151 978 3217 siccat

249 3235 405 3302 Alcmene
423 3234 492 3319 (flet
509 3248 541 3302 et
557 3236 627 3324 ipsa
643 3240 775 3323 tamen),
794 3237 988 3322 compescuit
1005 3260 1132 3303 omnem

249 3344 300 3386 res
317 3342 402 3387 nova
418 3320 585 3387 tristitiam.
628 3345 705 3387 nam
722 3322 830 3388 limine
848 3323 987 3388 constitit
1003 3324 1068 3389 alto

249 3428 350 3493 paene
369 3429 448 3493 puer
465 3407 626 3491 dubiaque
643 3420 674 3472 te
699 3431 755 3473 ens
772 3408 922 3493 lanugine
939 3408 1051 3489 malas,

250 3515 306 3557 ora
322 3493 511 3558 reformatus
550 3492 647 3558 rimos
683 3493 772 3557 olaus
790 3496 823 3557 in
841 3515 951 3558 annos.

181 3597 232 3647 too
249 3577 310 3643 boo
326 3577 371 3643 illi
389 3577 519 3643 dederat
528 3515 671 3643 lunonia
688 3578 828 3643 muneris
845 3578 950 3655 Hebe,

251 3661 333 3728 victa
350 3662 410 3728 viri
427 3663 585 3749 precibus.
629 3684 714 3747 quae
730 3685 804 3729 oum
820 3662 924 3730 iurare
941 3676 1077 3751 pararet,

249 3748 333 3813 dona
349 3747 538 3813 tributuram
555 3749 730 3834 posthunc
747 3772 782 3815 se
800 3749 874 3814 talia
891 3750 979 3828 nulli,

249 3833 625 3918 nonestpassaThemis.
652 3842 742 3899 ‘nam
750 3834 814 3900 iam
823 3835 980 3900 discordia
988 3834 1120 3900 Thebae
1131 3833 1276 3919 0011311ρέ3

249 3917 333 3983 bella
345 3919 487 3982 movent'
506 3918 596 3996 dixit,
614 3916 864 4005 ‘Capaneusque
878 3920 939 3984 nisi
952 3920 993 3985 ab
1001 3920 1080 3985 Iove
1093 3921 1177 3987 vinci
1192 3904 1251 3973 μ’*

182 4024 232 4072 405
251 4002 336 4066 haud
353 4004 483 4087 poterin
500 4002 640 4087 fientque
657 4028 750 4091 pares
767 4006 800 4070 in
818 4007 949 4071 vulnere
966 4006 1079 4072 fratres
1084 4029 1095 4085 ς

173 4148 175 4153 ,
248 4085 467 4171 subductaque
485 4109 559 4153 snos
576 4087 692 4156 Manes
710 4090 823 4158 tellure
839 4089 961 4157 videbit
