2800 4500
316 283 684 344 METAMORPHOSEON
699 285 774 340 LIB.
791 286 870 344 XIV.
889 287 1032 344 556-643.
1123 274 1187 341 249

164 410 249 478 hune
265 410 353 477 iubet
370 413 502 478 Aeneae
519 429 739 495 quaecumque
756 408 894 474 obnoxia
910 410 1004 475 morti
1205 428 1255 480 ooo

164 497 293 564 abluere
310 508 342 563 et
359 497 455 564 tacito
473 497 597 563 deferre
613 496 673 560 sub
690 515 829 579 aequora
846 516 951 560 cursu.

164 582 310 668 corniger
326 583 493 668 exequitur
509 581 644 648 Veneris
661 580 826 656 mandata,
843 579 982 664 suisque,

164 667 316 753 quioquid
335 667 369 733 in
385 669 498 734 Aenea
515 667 618 733 fuerat
635 666 781 742 mortale,
798 676 951 751 repurgat

140 763 143 766 ’
164 765 196 818 et
212 753 367 840 respergit
385 753 485 838 aquis.
529 776 604 854 pars
621 751 741 838 optima
757 751 871 816 restitit
890 750 946 816 illi.

163 837 330 904 lustratum
347 838 492 925 genetrix
509 838 616 904 divino
633 859 749 923 eorpus
767 836 863 902 odore

163 923 255 987 unxit
272 935 303 991 et
320 923 479 989 ambrosia
495 945 569 989 oum
586 923 672 990 dulci
688 933 815 988 nectare
832 922 932 986 mixta

163 1008 295 1095 contigit
312 1030 347 1074 os
365 1008 504 1094 fecitque
521 1007 626 1075 deum.
670 1029 766 1092 quem
783 1006 877 1072 turba
894 1005 1022 1089 Quirini

162 1106 325 1179 nuncupat
340 1094 521 1179 Indigetem
537 1094 719 1179 temploque
736 1092 861 1176 arisque
878 1094 1007 1179 recepit.

205 1178 286 1244 Inde
304 1179 363 1244 sub
380 1179 514 1244 Ascanii
531 1179 654 1244 dicione
671 1178 841 1243 binominis
857 1177 946 1242 Alba
1101 1177 1219 1230 Pomona
1231 1187 1254 1231 et

162 1284 276 1346 resque
293 1264 412 1328 Latina
428 1264 498 1329 fuit.
542 1263 683 1330 autaut
700 1262 820 1330 suvia
837 1263 897 1328 iu:
1093 1243 1253 1300 tractu·

162 1369 226 1431 quo
244 1359 331 1414 satus
348 1349 478 1433 antiquo
495 1350 597 1415 tenuit
613 1349 747 1435 repetita
763 1347 900 1413 Latinus
1204 1369 1253 1420 611

161 1433 291 1500 nomina
307 1456 380 1498 cum
399 1445 533 1518 sceptro,
577 1435 681 1500 clarus
699 1433 786 1499 subit
801 1432 890 1498 Alba
906 1431 1069 1498 Latinum.

160 1518 308 1601 Aepytus
325 1538 365 1580 ex
381 1516 436 1580 illc
454 1527 513 1581 est.
555 1527 628 1602 port
645 1515 731 1582 huno
748 1514 954 1601 Capetusque
972 1513 1156 1601 Capysque,

160 1604 217 1668 sed
235 1601 344 1690 Capys
362 1615 449 1682 ente,
466 1602 537 1669 fuit.
580 1625 716 1689 regnum
732 1599 903 1666 Tiberinus
921 1599 1040 1666 abillis

160 1689 258 1774 cepit,
275 1701 307 1755 et
324 1690 357 1754 in
374 1690 473 1754 Tusci
490 1688 652 1754 demersus
668 1686 808 1752 fluminis
825 1684 919 1750 undis
1201 1704 1251 1755 615

159 1775 288 1839 nomina
304 1775 380 1840 feeit
397 1796 509 1857 aquae.
553 1773 593 1838 de
610 1794 675 1857 quo
692 1770 911 1853 Remulusque
929 1769 1083 1853 feroxque

159 1860 282 1924 Acrota
298 1871 372 1925 sunt
389 1859 498 1959 geniti.
541 1858 697 1924 Remulus
714 1856 867 1920 maturior
883 1855 975 1919 annis

159 1944 311 2010 firlmineo
329 1945 436 2030 periit,
454 1943 592 2008 imitator
609 1941 765 2015 fulminis,
783 1940 859 2005 ictu.

159 2029 256 2094 fratre
274 2051 332 2094 suo
350 2039 509 2114 sceptrum
526 2026 717 2091 moderatior
733 2026 855 2090 Acrota
871 2022 946 2088 forti

160 2114 256 2179 tradit
271 2114 444 2179 Aventino.
488 2113 553 2195 qui,
571 2132 635 2194 quo
653 2121 816 2196 regnarat,
834 2109 947 2173 eodem
1203 2131 1254 2180 620
1274 2154 1276 2159 -

160 2210 267 2265 monte
284 2198 367 2265 iacet
387 2197 508 2285 positus
526 2196 698 2280 tribuitque
716 2194 873 2262 vocabula
888 2193 997 2259 monti.

158 2285 285 2368 iamque
302 2284 466 2350 Palatinae
484 2306 641 2349 summam
657 2282 763 2347 Proca
779 2280 884 2367 gentis
901 2279 1050 2347 habebat.

159 2393 235 2456 rege
253 2370 312 2434 sub
329 2370 391 2434 hoc
407 2369 554 2435 Pomona
570 2368 647 2445 fuit,
664 2390 730 2451 qua
746 2368 835 2431 nulla
851 2364 984 2432 Latinae

159 2456 242 2521 inter
259 2454 503 2541 Hamadryadas
520 2454 618 2519 coluit
634 2453 790 2520 sollertius
807 2453 925 2527 hortos,

159 2562 219 2607 nec
236 2541 297 2606 fuit
314 2539 438 2606 arborei
455 2540 625 2606 studiosior
642 2540 741 2604 altera
757 2538 857 2603 fetus:
1203 2556 1253 2607 625

159 2627 244 2692 unde
262 2637 349 2692 tenet
365 2648 490 2691 nomen.
534 2646 599 2690 non
615 2624 713 2689 silvae
729 2624 784 2688 illa
800 2645 860 2688 nec
876 2644 997 2698 amnes,

159 2734 214 2776 rus
232 2723 317 2776 emat
334 2722 365 2775 et
382 2733 487 2776 ramos
504 2709 610 2776 felicia
625 2731 722 2795 poma
739 2708 886 2774 serentes.

159 2818 219 2861 nec
236 2796 340 2861 iaculo
356 2796 463 2881 gravis
481 2808 543 2873 est,
561 2795 619 2860 sed
636 2793 761 2859 adunca
778 2793 909 2858 dextera
925 2791 1018 2870 falce,

160 2904 224 2965 qua
241 2881 335 2945 modo
353 2880 511 2945 luxuriem
527 2878 641 2965 premit
658 2889 691 2943 et
707 2877 876 2964 spatiantia
890 2876 1012 2978 passim

159 2966 308 3031 bracchia
324 2964 511 3051 compescit,
528 2964 604 3029 fisso
621 2962 716 3027 modo
735 2963 851 3028 cortice
867 2985 991 3049 turgum
1202 2981 1254 3034 ouo

159 3052 269 3115 inserit
286 3062 318 3115 et
335 3072 428 3115 sucos
446 3049 549 3115 alieno
567 3059 707 3134 praestat
724 3048 863 3112 alumno.

159 3158 219 3201 nec
236 3136 352 3200 sentire
370 3134 454 3200 sitim
471 3133 590 3220 patitur
606 3133 799 3217 bibulaeque
816 3154 965 3198 recurvas

159 3220 274 3287 radicis
291 3220 387 3285 fibras
405 3219 585 3285 labentibus
601 3218 712 3303 irrigat
728 3218 832 3282 undis.

159 3307 212 3371 hic
229 3327 327 3382 amor,
346 3304 408 3370 hoc
425 3305 579 3381 studium3
596 3302 732 3369 Veneris
750 3325 878 3387 quoque
894 3303 983 3368 nulla
1000 3302 1117 3390 cupido
1135 3315 1192 3370 est.

160 3392 225 3456 vim
243 3402 348 3455 tamen
366 3402 528 3476 agrestum
545 3399 689 3454 metuens
707 3388 849 3473 pomaria
866 3388 985 3452 claudit
1202 3408 1251 3459 635

159 3477 261 3552 intus,
280 3488 311 3540 et
329 3496 475 3539 accessus
493 3474 640 3560 prohibet
656 3473 838 3559 refugitque
855 3472 971 3538 viriles.

160 3561 238 3645 quid
255 3582 320 3624 non
337 3570 369 3625 et
388 3558 508 3643 Satyri,
527 3559 690 3623 saltatibus
714 3570 787 3644 apta
803 3558 962 3635 iuventus,

160 3648 264 3712 fecere
282 3656 314 3710 et
330 3644 408 3729 pinu
425 3643 597 3729 praecincti
614 3665 734 3709 cornua
750 3641 856 3709 Panes

161 3730 390 3812 Silvanusque,
408 3729 473 3793 suis
491 3751 616 3814 semper
631 3729 798 3793 iuvenilior
815 3726 916 3804 annis,

161 3816 279 3898 quique
297 3814 376 3878 deus
393 3813 479 3878 fures
497 3815 548 3878 vel
565 3813 647 3880 falce
664 3813 716 3878 vel
732 3812 864 3899 inguine
882 3823 988 3891 terret,
1202 3832 1251 3882 640

69 3922 72 3940 ¹
161 3911 197 3963 ut
213 3908 397 3984 poterentur
414 3897 471 3962 ea?
497 3898 553 3962 sed
571 3898 656 3963 enim
672 3898 844 3984 superabat
861 3899 996 3964 amando

160 3984 218 4048 hos
236 4002 363 4068 quoque
379 3981 590 4048 Vertumnus:
607 4004 712 4069 neque
729 3995 796 4049 erat
812 3983 934 4049 felicior
950 3984 1021 4055 illis.

160 4091 181 4160 ,⁰
198 4068 344 4160 quotiens
362 4066 473 4138 habitu
491 4067 562 4140 duri
579 4068 727 4139 messoris
744 4067 856 4141 aristas
