2800 4500
295 234 664 299 METAMORPHOSEON
678 236 752 296 LIB.
770 233 829 295 III.¹
841 240 985 297 tea-569.
1108 227 1148 295 51

130 366 207 432 talia
224 364 382 431 dicentem
398 366 564 452 proturbat
580 365 724 432 Echione
740 385 844 431 natus.

130 451 216 517 diota
232 451 312 517 fides
329 451 479 534 sequitur,
497 474 547 517 res
570 472 711 536 onsaque
728 452 809 517 vatis
826 461 974 537 aguntur.

130 536 231 603 Liber
248 536 351 614 adest,
369 536 522 621 festisque
539 474 679 603 lhemunt
695 536 869 603 ululatibus
888 537 966 623 agri,

130 622 225 687 turba
242 623 314 699 ruit,
332 622 512 707 mixtaeque
529 622 603 688 viris
620 634 801 706 matresque
818 643 980 706 nurusque

130 707 310 791 vulgusque
326 729 536 793 proceresque
553 708 662 794 ignota
678 709 720 773 ad
738 730 827 773 sacra
843 708 997 773 feruntur.

131 794 216 877 ‘quis
234 794 332 871 furor,
350 794 447 878 angui
470 815 563 870 errae,
580 794 684 879 proles
702 792 876 870 Mavortia,
893 804 1015 859 vestras

131 879 267 943 attonuit
283 879 438 945 mentesl’
486 879 620 944 entheus
637 879 695 955 ait,
715 885 843 944 ‘aarane
861 889 984 943 tantum

132 984 205 1029 aere
221 964 349 1064 repulsa
365 966 472 1029 valent
489 976 521 1030 et
538 965 662 1029 adunco
679 964 758 1030 tibia
774 985 873 1028 cornu

132 1061 165 1114 et
180 1071 323 1134 magrcae
339 1049 482 1127 fraudes,
500 1060 551 1126 ut,
568 1071 648 1135 quos
665 1071 730 1114 non
747 1049 879 1115 bellicus
894 1049 989 1124 ensis,

130 1155 196 1198 non
213 1134 291 1199 tuba
307 1135 465 1212 terruerit,
482 1157 547 1199 non
564 1134 679 1200 strictis
696 1135 825 1221 agmina
841 1135 922 1211 telis,

131 1218 287 1284 femineae
304 1241 398 1285 voces
416 1233 448 1286 et
463 1231 551 1286 mota
566 1220 689 1285 insania
706 1220 780 1285 vino

130 1304 323 1388 obscenique
338 1327 453 1391 greges
470 1316 503 1371 et
518 1304 625 1371 inania
641 1316 793 1392 tympana
810 1304 956 1370 vincant?

130 1392 244 1466 vosne,
262 1411 366 1466 senes,
384 1391 489 1468 mirer,
508 1392 563 1474 qni
580 1392 676 1477 longa
692 1413 750 1476 per
767 1411 906 1474 aequora
922 1389 1006 1456 vecti

130 1474 191 1540 hac
208 1475 332 1560 Tyron,
348 1475 409 1540 hao
426 1475 578 1562 profugos
595 1476 744 1562 posuistis
762 1476 837 1541 sede
853 1475 1001 1552 Penates,

129 1581 216 1625 nune
234 1560 334 1625 sinitis
352 1561 419 1626 sine
437 1562 542 1627 Marte
560 1561 650 1647 oapi?
666 1582 778 1638 vosne,
797 1560 898 1626 acrior
915 1571 1013 1636 aetas,

130 1667 151 1710 o
167 1646 312 1722 iuvenes,
330 1646 520 1732 propiorque
537 1668 641 1723 meae,
659 1666 740 1730 quos
757 1669 845 1710 arma
861 1657 979 1721 tenere,

129 1753 195 1797 non
212 1731 351 1817 thyrsos,
368 1733 524 1817 galeaque
541 1731 622 1817 tegi,
638 1753 702 1796 non
720 1732 847 1808 fronde,
866 1730 1019 1796 decebat?

130 1827 212 1894 este,
230 1838 351 1902 precor,
369 1837 538 1894 memores,
556 1839 620 1900 qua
638 1816 705 1882 sitis
723 1816 820 1902 stirpe
838 1816 946 1893 creati,

129 1902 276 1986 illiusque
294 1902 429 1978 animos,
446 1902 502 1985 qui
519 1904 634 1966 multos
651 1901 789 1988 perdidit
804 1923 898 1978 unus,

130 1987 245 2053 sumite
262 1986 431 2074 serpentisl
465 2008 522 2074 pro
540 1986 680 2051 fontibus
696 1987 749 2052 ille
767 1988 902 2069 lacuque

130 2073 261 2138 interiit:
279 2084 312 2138 at
328 2094 386 2137 vos
402 2093 461 2158 pro
478 2073 565 2136 fama
582 2072 698 2137 vincite
715 2070 834 2138 vestral

130 2157 497 2234 tractantesque,
514 2178 571 2223 vos
588 2156 695 2243 pellite
712 2158 823 2222 molles

131 2253 164 2309 et
180 2241 317 2328 patrium
333 2243 465 2310 retinete
483 2243 590 2308 decus.
633 2242 660 2308 si
677 2242 744 2308 fata
761 2240 911 2308 vetabant

131 2339 214 2394 stare
231 2328 285 2393 diu
302 2329 445 2406 Thebas,
464 2329 585 2393 utinam
602 2339 757 2393 tormenta
775 2327 897 2410 virique

129 2413 255 2479 moenia
273 2413 445 2490 diruerent,
463 2414 646 2497 ferrumque
663 2414 810 2499 ignisque
828 2410 990 2478 sonarentl

130 2521 275 2565 essemus·
287 2499 395 2564 miseri
411 2499 479 2564 sine
497 2499 643 2576 crimine3
661 2520 793 2583 sorsque
810 2499 981 2582 querenda,

129 2606 193 2649 non
210 2584 342 2649 celanda
358 2584 454 2659 foret,
472 2584 683 2667 lacrimaeque
700 2584 822 2669 pudore
839 2593 991 2649 carerent.

130 2682 163 2733 at
179 2690 264 2733 nunc
281 2692 301 2734 a
317 2690 417 2754 puero
433 2669 565 2734 Thebae
582 2669 746 2754 capientur
761 2668 885 2746 inermi,

130 2776 225 2837 quem
242 2776 345 2836 neque
362 2754 446 2819 bella
461 2754 573 2818 iuvant
589 2776 648 2819 nec
665 2754 730 2820 tela
744 2775 805 2820 nec
821 2776 898 2819 usus
917 2775 1080 2836 equorum,

130 2840 186 2903 aed
204 2839 322 2904 madidi
338 2862 445 2903 murra
462 2839 563 2904 crines
581 2839 755 2923 mollesque
772 2860 907 2904 coronae
1165 2862 1215 2910 555

129 2945 331 3010 purpuraque
349 2936 381 2990 et
396 2924 489 3009 pictis
505 2924 661 2989 intextum
677 2923 820 2989 vestibus
837 2945 960 2987 aurum.

130 3030 225 3093 quem
242 3009 370 3092 quidem
388 3031 448 3095 ego
466 3008 762 3074 actutum—modo
779 3029 836 3073 vos
853 3007 1167 3095 absistite-cogam

130 3105 389 3195 assumptumque
406 3105 528 3179 patrem
546 3104 787 3176 commentaque
804 3115 894 3158 sacra
911 3093 1011 3157 fateri·

130 3201 171 3243 an
188 3189 264 3243 satra
280 3180 406 3244 Acrisio
424 3190 471 3244 est
488 3178 598 3255 animi,
616 3190 816 3245 contemnere
833 3200 951 3243 vanum

128 3285 246 3328 numen
264 3275 294 3329 et
311 3264 480 3349 Argolicas
498 3264 636 3329 venienti
652 3265 800 3330 claudere
817 3277 939 3348 portas:
1164 3286 1215 3337 560

128 3347 272 3415 Penthea
290 3349 509 3414 terrebit-oum
526 3349 600 3414 totis
617 3349 741 3414 advena
758 3348 897 3413 Thebis?

127 3433 170 3498 ite
187 3433 256 3498 citi'
272 3432 414 3517 (famulis
432 3433 492 3498 hoc
508 3434 668 3519 imperat),
686 3433 744 3499 ‘ite
762 3435 938 3517 ducemque

127 3518 273 3583 attrahite
290 3517 354 3583 huc
370 3519 525 3583 vinetuml
550 3519 644 3584 iussis
663 3540 752 3583 mora
769 3519 875 3604 segnis
892 3518 1021 3583 abesto?
1096 3589 1099 3598 ¹

126 3604 212 3668 hunc
229 3626 322 3679 avus,
340 3602 425 3668 hunc
442 3604 614 3682 Athamas,
631 3604 717 3668 hunc
734 3617 838 3669 cetera
854 3604 948 3667 turba
965 3627 1093 3670 suorum

126 3688 298 3773 corripiunt
315 3688 408 3753 dietis
426 3688 605 3772 frustraque
621 3688 764 3754 inhibere
782 3689 936 3753 laborant.
1163 3710 1213 3759 tot

126 3773 228 3838 acrior
238 3772 407 3838 admonitu
425 3787 486 3850 est,
503 3774 704 3857 imitaturque
719 3785 844 3839 retentu
1216 3806 1218 3830 ss

47 3911 50 3916 .
126 3869 158 3923 et
175 3858 287 3923 cmsoit
303 3858 422 3936 rabies,
440 3859 711 3942 remoraminaque
728 3859 797 3944 ipsa
812 3859 979 3925 nocebant.

126 3943 172 4007 sio
189 3963 251 4027 ego
266 3953 450 4019 torrentem,
467 3965 532 4027 qua
548 3944 592 4008 nil
609 3944 754 4009 obstabat
766 3944 868 4021 eunti,

125 4026 228 4094 lenius
246 4038 276 4094 et
293 4029 417 4095 modico
434 4028 566 4115 strepitu
584 4029 750 4097 desumere
768 4029 847 4097 ridi:
916 4063 919 4074 ν
