2800 4500
229 270 272 338 56
560 285 595 341 Ρ.
615 283 741 342 OVIDII
757 283 921 342 NASONIS

228 410 418 476 vaticinatus
437 419 514 475 erat.
556 419 670 495 parent
686 418 867 493 matresque
884 431 1057 494 nurusque,

180 515 213 565 10
230 496 373 579 telasque
390 494 595 579 calathosque
611 494 792 577 infectaque
809 517 909 579 pensa
924 507 1082 582 reponunt

230 594 365 667 turaque
399 581 477 646 dant
510 580 738 664 Bacchumque
774 591 890 645 vocant
923 581 1153 666 Bromiumque
1184 580 1254 668 Ly-

611 689 706 732 aeum
727 688 768 730 ue

223 752 476 838 Ignigenamque
494 763 660 836 satumque
676 686 793 816 itdrum
811 752 976 835 solumque
984 753 1176 819 Bimatrem:

230 839 357 903 additur
373 838 422 902 his
440 838 567 922 Nyseus
584 837 834 922 indetonsusque
851 837 1024 923 Thyoneus

230 935 262 988 et
278 946 352 988 cum
368 924 500 988 Lenaeo
516 922 650 1008 genialis
667 921 805 988 consitor
821 944 914 1001 uvae,

181 1027 213 1077 15
230 1009 459 1095 Nycteliusque
476 1007 669 1092 Eleleusque
686 1030 802 1094 parens
820 1018 852 1073 et
868 1007 1004 1073 Iacchus
1021 1020 1053 1075 et
1068 1007 1197 1087 Euhan,

231 1107 363 1178 atquae
403 1106 545 1160 raeterea
556 1117 618 1244 per
636 1092 752 1160 Graias
770 1093 907 1179 plurima
924 1104 1035 1179 gentes

230 1180 370 1257 nomina,
418 1180 496 1256 iber,
513 1179 556 1244 ha
579 1202 623 1246 es.
649 1178 708 1244 tihi
721 1179 806 1245 enim
818 1180 1041 1266 inconsumpta
1053 1179 1182 1246 iuventa
1196 1192 1253 1260 est,

140 1320 142 1323 .
230 1276 267 1330 tn
283 1287 365 1351 puer
380 1276 543 1344 aeternus,
560 1276 596 1330 tu
612 1264 859 1331 formosissimus
877 1266 941 1330 alto

231 1350 422 1435 conspiceris
439 1350 537 1416 caelo.
580 1350 652 1428 tibi,
671 1372 746 1416 cum
763 1350 830 1415 sine
849 1350 997 1415 cornibus
1015 1362 1109 1427 astas,

181 1457 215 1506 20
231 1437 411 1522 virgineum
428 1446 525 1522 eaput
541 1447 599 1502 est.
643 1435 747 1502 oriens
765 1435 824 1500 tibi
841 1436 943 1501 vietus
961 1436 1106 1522 adusque

232 1522 359 1587 decolor
376 1531 518 1586 extremo
535 1542 600 1605 qua
616 1521 662 1586 tin
709 1521 772 1586 ‘tur
788 1521 883 1585 India
900 1518 975 1587 Gan
999 1544 1027 1588 e.

230 1605 377 1673 Penthea
393 1618 444 1685 tn,
461 1606 655 1684 venerande,
694 1606 969 1692 ipenniferumque
1017 1628 1174 1694 ycurgum

232 1693 403 1777 sacrilegos
420 1703 555 1770 mactas,
572 1691 802 1778 Tyrrhenaque
819 1692 917 1757 mittis
933 1692 968 1757 in
984 1713 1103 1776 aequor

232 1799 374 1863 corpora.
417 1789 453 1842 tu
470 1778 615 1863 biiugum
631 1778 724 1862 pictis
741 1777 802 1842 insi
848 1777 879 1842 'a
894 1776 992 1843 frenis

182 1885 215 1934 25
232 1863 314 1929 oolla
331 1864 448 1949 premis
464 1864 610 1948 lyncum,
627 1862 776 1929 Bacchae
795 1800 966 1948 anyrique
984 1874 1170 1949 sequuntur,

232 1949 351 2032 quique
368 1972 464 2015 senex
481 1949 584 2013 ferula
600 1948 772 2015 titubantes
789 1948 897 2014 ebrius
914 1961 1001 2014 artus

232 2035 368 2100 sustinet
384 2046 416 2100 et
432 2035 538 2120 pando
555 2056 619 2099 non
636 2034 761 2100 fortiter
776 2034 885 2100 haeret
902 2034 1010 2100 asello.

232 2141 434 2204 quacumque
450 2120 640 2207 ingrederis,
658 2121 778 2186 clamor
792 2119 947 2186 iuvenalis
965 2131 995 2185 et
1013 2143 1078 2185 una

232 2206 388 2273 femineae
406 2227 500 2272 voces
517 2205 716 2293 impulsaque
733 2216 885 2292 tympana
902 2205 1015 2291 palmis

182 2313 216 2363 eo
233 2314 435 2375 concavaque
452 2315 527 2357 aera
544 2303 658 2357 sonant
673 2292 728 2357 lon
752 2313 835 2376 oque
852 2291 1006 2357 foramine
1023 2291 1139 2357 buxus.

234 2379 393 2463 ‘placatus
410 2377 572 2461 mitisque’
589 2387 706 2463 rogant
721 2315 897 2442 Igsmenides
916 2376 1035 2452 ‘adsis’

232 2463 383 2546 iussaque
400 2485 490 2527 sacra
507 2462 624 2528 colunt.
668 2463 755 2527 solae
772 2461 954 2547 Minyeides
971 2460 1056 2525 intus

232 2548 454 2633 intempestiva
471 2546 635 2612 turbantes
652 2545 736 2611 festa
751 2546 901 2611 Minerva

234 2643 290 2698 aut
306 2633 427 2698 ducunt
443 2633 532 2698 lanas
549 2644 605 2697 aut
622 2632 758 2697 stamina
774 2631 888 2716 pollice
906 2641 1034 2700 versant
1147 2713 1149 2718 Ι

183 2741 216 2791 35
234 2729 291 2784 aut
307 2717 438 2819 haerent
455 2719 536 2784 telae
552 2716 752 2800 famulasque
768 2715 930 2817 lahoribus
947 2726 1073 2801 urgent

163 2906 165 2910 ’
234 2804 469 2955 ‘eddNbddsdlahl
484 2802 1162 2973 hhydedddhlrlneddtdddhchadlrhmdequenmut,

232 2998 292 3041 nos
309 2996 450 3059 quoque,
467 2996 548 3059 quas
565 2974 689 3053 Pallas,
707 2974 819 3039 melior
836 2972 910 3050 dea,
929 2972 1061 3038 detinet'
1079 2974 1192 3058 inquit,

234 3061 325 3127 ‘utile
342 3082 422 3146 opus
440 3084 594 3125 manuum
610 3060 698 3126 vario
717 3081 860 3125 sermone
877 3059 1034 3124 levemus:

182 3170 217 3218 40
233 3169 354 3234 perque
371 3147 458 3211 vices
475 3146 609 3230 aliquid,
625 3146 712 3228 quod
729 3156 873 3231 tempora
890 3145 987 3230 longa
1004 3143 1104 3209 videri

232 3255 297 3298 non
315 3233 410 3308 sinat,
428 3232 461 3296 in
478 3231 618 3297 medium
636 3252 754 3295 vacuas
770 3230 945 3296 referamus
961 3230 1003 3294 ad
1019 3230 1132 3294 aures.'

234 3320 319 3384 dicta
335 3319 485 3403 probant,
524 3318 701 3402 rimamque
718 3316 829 3381 iubent
845 3337 974 3380 narrare
992 3336 1124 3380 sorores.
1235 3315 1238 3319 ’

233 3404 301 3479 illa,
319 3404 397 3487 quid
415 3426 433 3468 e
449 3426 483 3466 m
517 3402 557 3466 tis
573 3402 690 3467 referat
707 3398 797 3485 (nam
835 3400 950 3465 lurima
966 3400 1082 3479 norat),

235 3490 362 3574 cogitat.
406 3499 437 3553 et
454 3487 553 3552 dubia
570 3498 631 3565 est,
649 3487 690 3553 de
708 3497 750 3564 te,
767 3424 961 3571 Bahylonia,
978 3496 1094 3564 narret,

182 3594 216 3642 45
233 3573 379 3648 Derceti,
397 3594 493 3657 quam
511 3595 603 3638 versa
619 3572 760 3657 squamis
778 3571 955 3637 velantibus
974 3582 1060 3635 artus

234 3669 347 3744 stagna
362 3657 538 3724 Palaestini
555 3658 687 3725 eredunt
704 3667 842 3723 motasse
859 3657 977 3742 figura:

234 3767 276 3808 an
292 3743 408 3828 magis,
427 3754 463 3807 ut
479 3743 613 3828 sumptis
630 3743 713 3807 illins
731 3742 796 3807 filia
813 3742 924 3826 pennis

234 3839 391 3894 extremos
409 3827 480 3892 altis
497 3827 531 3893 in
548 3827 687 3893 turribus
706 3826 806 3913 egerit
823 3848 937 3891 annos:

233 3913 313 3979 Nais
331 3936 372 3977 an
389 3923 425 3976 ut
442 3924 538 3978 cantu
555 3913 751 3996 nimiumque
768 3912 949 3997 potentibus
966 3909 1072 3976 herbis

184 4020 218 4070 50
236 3998 364 4063 verterit
380 3997 415 4062 in
432 3997 544 4063 tacitos
561 3999 721 4064 iuvenalia
739 4019 871 4084 corpora
887 3996 1001 4084 pisces,

234 4084 335 4152 donec
351 4082 437 4151 idern
453 4106 548 4172 passa
565 4094 628 4152 eat:
645 4107 698 4166 an,
717 4106 798 4171 quae
814 4105 911 4174 poma
928 4082 1002 4152 alba
1018 4080 1150 4163 ferebat,
