<?xml version="1.0" encoding="UTF-8"?>
<!DOCTYPE html PUBLIC "-//W3C//DTD XHTML 1.0 Transitional//EN"
    "http://www.w3.org/TR/xhtml1/DTD/xhtml1-transitional.dtd">
<html xmlns="http://www.w3.org/1999/xhtml" xml:lang="en" lang="en">
 <head>
  <title>
</title>
<meta http-equiv="Content-Type" content="text/html;charset=utf-8" />
  <meta name='ocr-system' content='tesseract 3.04.00' />
  <meta name='ocr-capabilities' content='ocr_page ocr_carea ocr_par ocr_line ocrx_word'/>
</head>
<body>
  <div class='ocr_page' id='page_1' title='image "./povidiinasonisc00unkngoog_0071.png"; bbox 0 0 2800 4500; ppageno 0'>
   <div class='ocr_carea' id='block_1_1' title="bbox 319 277 1162 368">
    <p class='ocr_par' dir='ltr' id='par_1_1' title="bbox 319 277 1162 368">
     <span class='ocr_line' id='line_1_1' title="bbox 319 277 1162 368; baseline 0 -22"><span class='ocrx_word' id='word_1_1' title='bbox 319 286 686 368; x_wconf 79' lang='lat' dir='ltr'>mrnnoarnosnou</span> <span class='ocrx_word' id='word_1_2' title='bbox 701 289 775 349; x_wconf 84' lang='lat' dir='ltr'>nm.</span> <span class='ocrx_word' id='word_1_3' title='bbox 793 286 818 350; x_wconf 78' lang='grc'>5</span> <span class='ocrx_word' id='word_1_4' title='bbox 835 289 980 349; x_wconf 76' lang='lat' dir='ltr'>sta-au</span> <span class='ocrx_word' id='word_1_5' title='bbox 1121 277 1162 347; x_wconf 83' lang='lat'>13</span> 
     </span>
    </p>
   </div>
   <div class='ocr_carea' id='block_1_2' title="bbox 73 414 1234 2809">
    <p class='ocr_par' dir='ltr' id='par_1_2' title="bbox 73 414 1234 2809">
     <span class='ocr_line' id='line_1_2' title="bbox 141 414 1161 505; baseline 0.004 -26"><span class='ocrx_word' id='word_1_6' title='bbox 141 422 266 498; x_wconf 87' lang='lat' dir='ltr'>estque,</span> <span class='ocrx_word' id='word_1_7' title='bbox 283 424 384 501; x_wconf 88' lang='lat' dir='ltr'>patet:</span> <span class='ocrx_word' id='word_1_8' title='bbox 401 437 460 502; x_wconf 89' lang='lat' dir='ltr'>per</span> <span class='ocrx_word' id='word_1_9' title='bbox 475 437 527 482; x_wconf 90' lang='lat' dir='ltr'>me</span> <span class='ocrx_word' id='word_1_10' title='bbox 545 415 736 482; x_wconf 77' lang='lat' dir='ltr'><strong>concordant</strong></span> <span class='ocrx_word' id='word_1_11' title='bbox 754 415 893 482; x_wconf 90' lang='lat' dir='ltr'>carmina</span> <span class='ocrx_word' id='word_1_12' title='bbox 908 414 1024 484; x_wconf 82' lang='lat' dir='ltr'>nervis.</span> <span class='ocrx_word' id='word_1_13' title='bbox 1158 498 1161 505; x_wconf 69' lang='lat'>,</span> 
     </span>
     <span class='ocr_line' id='line_1_3' title="bbox 73 500 1098 590; baseline -0.001 -24"><span class='ocrx_word' id='word_1_14' title='bbox 73 500 77 505; x_wconf 72' lang='grc'><strong>’</strong></span> <span class='ocrx_word' id='word_1_15' title='bbox 141 509 228 566; x_wconf 85' lang='lat' dir='ltr'>certa</span> <span class='ocrx_word' id='word_1_16' title='bbox 244 500 498 584; x_wconf 88' lang='lat' dir='ltr'>quidemnostra</span> <span class='ocrx_word' id='word_1_17' title='bbox 514 512 577 580; x_wconf 90' lang='lat' dir='ltr'>est,</span> <span class='ocrx_word' id='word_1_18' title='bbox 593 514 702 568; x_wconf 90' lang='lat' dir='ltr'>nostra</span> <span class='ocrx_word' id='word_1_19' title='bbox 719 513 824 569; x_wconf 83' lang='lat' dir='ltr'>tamen</span> <span class='ocrx_word' id='word_1_20' title='bbox 842 525 906 568; x_wconf 91' lang='lat' dir='ltr'>una</span> <span class='ocrx_word' id='word_1_21' title='bbox 923 502 1040 590; x_wconf 84' lang='lat' dir='ltr'>sagitta</span> <span class='ocrx_word' id='word_1_22' title='bbox 1096 561 1098 565; x_wconf 86' lang='grc'><em>,</em></span> 
     </span>
     <span class='ocr_line' id='line_1_4' title="bbox 142 585 1231 674; baseline 0.007 -24"><span class='ocrx_word' id='word_1_23' title='bbox 142 585 264 664; x_wconf 82' lang='lat' dir='ltr'>certior,</span> <span class='ocrx_word' id='word_1_24' title='bbox 282 585 316 650; x_wconf 90' lang='lat' dir='ltr'>in</span> <span class='ocrx_word' id='word_1_25' title='bbox 333 608 435 652; x_wconf 85' lang='lat' dir='ltr'>vacuo</span> <span class='ocrx_word' id='word_1_26' title='bbox 452 608 535 672; x_wconf 85' lang='lat' dir='ltr'>quae</span> <span class='ocrx_word' id='word_1_27' title='bbox 552 588 685 654; x_wconf 84' lang='lat' dir='ltr'>vulnera</span> <span class='ocrx_word' id='word_1_28' title='bbox 701 599 829 674; x_wconf 79' lang='lat' dir='ltr'>pectore</span> <span class='ocrx_word' id='word_1_29' title='bbox 846 588 932 654; x_wconf 85' lang='lat' dir='ltr'>fecit.</span> <span class='ocrx_word' id='word_1_30' title='bbox 1178 607 1231 658; x_wconf 78' lang='grc'>555</span> 
     </span>
     <span class='ocr_line' id='line_1_5' title="bbox 141 670 1061 760; baseline 0.001 -25"><span class='ocrx_word' id='word_1_31' title='bbox 141 670 305 736; x_wconf 84' lang='lat' dir='ltr'>inventum</span> <span class='ocrx_word' id='word_1_32' title='bbox 321 671 477 738; x_wconf 85' lang='lat' dir='ltr'>medicina</span> <span class='ocrx_word' id='word_1_33' title='bbox 493 694 601 736; x_wconf 88' lang='lat' dir='ltr'>meum</span> <span class='ocrx_word' id='word_1_34' title='bbox 618 683 679 750; x_wconf 89' lang='lat' dir='ltr'>est,</span> <span class='ocrx_word' id='word_1_35' title='bbox 697 673 861 760; x_wconf 87' lang='lat' dir='ltr'>opiferque</span> <span class='ocrx_word' id='word_1_36' title='bbox 877 695 936 759; x_wconf 90' lang='lat' dir='ltr'>per</span> <span class='ocrx_word' id='word_1_37' title='bbox 951 672 1061 739; x_wconf 90' lang='lat' dir='ltr'>orbem</span> 
     </span>
     <span class='ocr_line' id='line_1_6' title="bbox 142 755 909 845; baseline 0.005 -25"><span class='ocrx_word' id='word_1_38' title='bbox 142 756 239 833; x_wconf 87' lang='lat' dir='ltr'>dicor,</span> <span class='ocrx_word' id='word_1_39' title='bbox 257 769 289 822; x_wconf 90' lang='lat' dir='ltr'>et</span> <span class='ocrx_word' id='word_1_40' title='bbox 305 755 474 823; x_wconf 90' lang='lat' dir='ltr'>herbarum</span> <span class='ocrx_word' id='word_1_41' title='bbox 493 757 634 823; x_wconf 87' lang='lat' dir='ltr'>subiecta</span> <span class='ocrx_word' id='word_1_42' title='bbox 650 759 790 845; x_wconf 86' lang='lat' dir='ltr'>potentia</span> <span class='ocrx_word' id='word_1_43' title='bbox 806 759 909 824; x_wconf 88' lang='lat' dir='ltr'>nobis.</span> 
     </span>
     <span class='ocr_line' id='line_1_7' title="bbox 142 841 967 927; baseline 0.001 -20"><span class='ocrx_word' id='word_1_44' title='bbox 142 841 172 907; x_wconf 92' lang='lat' dir='ltr'>ei</span> <span class='ocrx_word' id='word_1_45' title='bbox 189 842 280 920; x_wconf 91' lang='lat' dir='ltr'>mihi,</span> <span class='ocrx_word' id='word_1_46' title='bbox 297 842 384 927; x_wconf 90' lang='lat' dir='ltr'>quod</span> <span class='ocrx_word' id='word_1_47' title='bbox 400 843 494 909; x_wconf 90' lang='lat' dir='ltr'>nullis</span> <span class='ocrx_word' id='word_1_48' title='bbox 512 864 601 908; x_wconf 92' lang='lat' dir='ltr'>amor</span> <span class='ocrx_word' id='word_1_49' title='bbox 618 856 666 909; x_wconf 91' lang='lat' dir='ltr'>est</span> <span class='ocrx_word' id='word_1_50' title='bbox 683 843 833 909; x_wconf 89' lang='lat' dir='ltr'>sanabilis</span> <span class='ocrx_word' id='word_1_51' title='bbox 850 843 967 922; x_wconf 83' lang='lat' dir='ltr'>herbis,</span> 
     </span>
     <span class='ocr_line' id='line_1_8' title="bbox 141 927 1061 1015; baseline 0.003 -23"><span class='ocrx_word' id='word_1_52' title='bbox 141 948 201 999; x_wconf 88' lang='lat' dir='ltr'>uec</span> <span class='ocrx_word' id='word_1_53' title='bbox 218 940 350 1014; x_wconf 86' lang='lat' dir='ltr'>prosunt</span> <span class='ocrx_word' id='word_1_54' title='bbox 367 928 506 1005; x_wconf 88' lang='lat' dir='ltr'>domino,</span> <span class='ocrx_word' id='word_1_55' title='bbox 523 949 605 1012; x_wconf 90' lang='lat' dir='ltr'>quae</span> <span class='ocrx_word' id='word_1_56' title='bbox 622 939 755 1015; x_wconf 85' lang='lat' dir='ltr'>prosunt</span> <span class='ocrx_word' id='word_1_57' title='bbox 772 929 932 1008; x_wconf 90' lang='lat' dir='ltr'>omnibus,</span> <span class='ocrx_word' id='word_1_58' title='bbox 949 927 1061 996; x_wconf 85' lang='lat' dir='ltr'>artesl&#39;</span> 
     </span>
     <span class='ocr_line' id='line_1_9' title="bbox 142 1013 1231 1098; baseline 0.007 -21"><span class='ocrx_word' id='word_1_59' title='bbox 142 1013 235 1098; x_wconf 90' lang='lat' dir='ltr'>plura</span> <span class='ocrx_word' id='word_1_60' title='bbox 250 1013 430 1079; x_wconf 89' lang='lat' dir='ltr'>locuturum</span> <span class='ocrx_word' id='word_1_61' title='bbox 446 1013 556 1079; x_wconf 91' lang='lat' dir='ltr'>timido</span> <span class='ocrx_word' id='word_1_62' title='bbox 573 1013 694 1080; x_wconf 88' lang='lat' dir='ltr'>Pene&#39;r&#39;a</span> <span class='ocrx_word' id='word_1_63' title='bbox 712 1037 807 1081; x_wconf 91' lang='lat' dir='ltr'>cursu</span> <span class='ocrx_word' id='word_1_64' title='bbox 1180 1034 1231 1086; x_wconf 78' lang='grc'>555</span> 
     </span>
     <span class='ocr_line' id='line_1_10' title="bbox 142 1097 933 1185; baseline 0.003 -22"><span class='ocrx_word' id='word_1_65' title='bbox 142 1097 226 1184; x_wconf 82' lang='lat' dir='ltr'>fugit</span> <span class='ocrx_word' id='word_1_66' title='bbox 243 1119 379 1183; x_wconf 91' lang='lat' dir='ltr'>cumque</span> <span class='ocrx_word' id='word_1_67' title='bbox 395 1098 464 1185; x_wconf 91' lang='lat' dir='ltr'>ipso</span> <span class='ocrx_word' id='word_1_68' title='bbox 481 1100 579 1165; x_wconf 87' lang='lat' dir='ltr'>verba</span> <span class='ocrx_word' id='word_1_69' title='bbox 595 1099 782 1185; x_wconf 81' lang='lat' dir='ltr'>imperfecta</span> <span class='ocrx_word' id='word_1_70' title='bbox 797 1099 933 1185; x_wconf 89' lang='lat' dir='ltr'>reliquit.</span> 
     </span>
     <span class='ocr_line' id='line_1_11' title="bbox 143 1184 1052 1272; baseline 0.003 -24"><span class='ocrx_word' id='word_1_71' title='bbox 143 1194 211 1248; x_wconf 91' lang='lat' dir='ltr'>tum</span> <span class='ocrx_word' id='word_1_72' title='bbox 227 1205 354 1269; x_wconf 89' lang='lat' dir='ltr'>quoque</span> <span class='ocrx_word' id='word_1_73' title='bbox 371 1184 440 1249; x_wconf 85' lang='lat' dir='ltr'>visa</span> <span class='ocrx_word' id='word_1_74' title='bbox 457 1185 581 1250; x_wconf 88' lang='lat' dir='ltr'>decens.</span> <span class='ocrx_word' id='word_1_75' title='bbox 625 1184 790 1251; x_wconf 89' lang='lat' dir='ltr'>nudabant</span> <span class='ocrx_word' id='word_1_76' title='bbox 807 1207 939 1272; x_wconf 84' lang='lat' dir='ltr'>corpora</span> <span class='ocrx_word' id='word_1_77' title='bbox 956 1184 1052 1264; x_wconf 89' lang='lat' dir='ltr'>venti,</span> 
     </span>
     <span class='ocr_line' id='line_1_12' title="bbox 144 1269 930 1354; baseline 0.004 -20"><span class='ocrx_word' id='word_1_78' title='bbox 144 1270 301 1354; x_wconf 87' lang='lat' dir='ltr'>obviaque</span> <span class='ocrx_word' id='word_1_79' title='bbox 318 1269 467 1335; x_wconf 87' lang='lat' dir='ltr'>adversas</span> <span class='ocrx_word' id='word_1_80' title='bbox 485 1269 654 1336; x_wconf 87' lang='lat' dir='ltr'>vibrabant</span> <span class='ocrx_word' id='word_1_81' title='bbox 669 1270 800 1336; x_wconf 90' lang='lat' dir='ltr'>flamina</span> <span class='ocrx_word' id='word_1_82' title='bbox 816 1283 930 1348; x_wconf 85' lang='lat' dir='ltr'>vestes,</span> 
     </span>
     <span class='ocr_line' id='line_1_13' title="bbox 143 1354 907 1442; baseline -0.001 -21"><span class='ocrx_word' id='word_1_83' title='bbox 143 1366 175 1421; x_wconf 88' lang='lat' dir='ltr'>et</span> <span class='ocrx_word' id='word_1_84' title='bbox 191 1355 270 1441; x_wconf 87' lang='lat' dir='ltr'>levis</span> <span class='ocrx_word' id='word_1_85' title='bbox 287 1354 440 1441; x_wconf 92' lang='lat' dir='ltr'>impulsos</span> <span class='ocrx_word' id='word_1_86' title='bbox 457 1367 540 1422; x_wconf 91' lang='lat' dir='ltr'>retro</span> <span class='ocrx_word' id='word_1_87' title='bbox 557 1355 654 1421; x_wconf 90' lang='lat' dir='ltr'>dabat</span> <span class='ocrx_word' id='word_1_88' title='bbox 671 1378 751 1420; x_wconf 91' lang='lat' dir='ltr'>aura</span> <span class='ocrx_word' id='word_1_89' title='bbox 767 1356 907 1442; x_wconf 81' lang='lat' dir='ltr'>capillos,</span> 
     </span>
     <span class='ocr_line' id='line_1_14' title="bbox 144 1440 1232 1542; baseline 0.006 -36"><span class='ocrx_word' id='word_1_90' title='bbox 144 1452 299 1525; x_wconf 86' lang='lat' dir='ltr'>auctaque</span> <span class='ocrx_word' id='word_1_91' title='bbox 316 1440 419 1505; x_wconf 86' lang='lat' dir='ltr'>forma</span> <span class='ocrx_word' id='word_1_92' title='bbox 436 1440 520 1542; x_wconf 45' lang='lat' dir='ltr'>fuga*</span> <span class='ocrx_word' id='word_1_93' title='bbox 532 1452 590 1507; x_wconf 84' lang='lat' dir='ltr'>est.</span> <span class='ocrx_word' id='word_1_94' title='bbox 633 1440 690 1507; x_wconf 92' lang='lat' dir='ltr'>sed</span> <span class='ocrx_word' id='word_1_95' title='bbox 708 1442 792 1507; x_wconf 91' lang='lat' dir='ltr'>euim</span> <span class='ocrx_word' id='word_1_96' title='bbox 809 1464 873 1507; x_wconf 91' lang='lat' dir='ltr'>non</span> <span class='ocrx_word' id='word_1_97' title='bbox 891 1441 1024 1509; x_wconf 87' lang='lat' dir='ltr'>sustinet</span> <span class='ocrx_word' id='word_1_98' title='bbox 1041 1443 1124 1508; x_wconf 89' lang='lat' dir='ltr'>ultra</span> <span class='ocrx_word' id='word_1_99' title='bbox 1180 1460 1232 1513; x_wconf 82' lang='grc'>555</span> 
     </span>
     <span class='ocr_line' id='line_1_15' title="bbox 143 1525 994 1628; baseline 0.002 -37"><span class='ocrx_word' id='word_1_100' title='bbox 143 1527 276 1628; x_wconf 86' lang='lat' dir='ltr'>perdere</span> <span class='ocrx_word' id='word_1_101' title='bbox 292 1525 461 1591; x_wconf 89' lang='lat' dir='ltr'>blanditias</span> <span class='ocrx_word' id='word_1_102' title='bbox 478 1528 601 1592; x_wconf 77' lang='lat' dir='ltr'>iuvenis</span> <span class='ocrx_word' id='word_1_103' title='bbox 620 1527 697 1594; x_wconf 92' lang='lat' dir='ltr'>deus</span> <span class='ocrx_word' id='word_1_104' title='bbox 702 1549 712 1604; x_wconf 84' lang='lat'>3</span> <span class='ocrx_word' id='word_1_105' title='bbox 730 1539 828 1611; x_wconf 90' lang='lat' dir='ltr'>utque</span> <span class='ocrx_word' id='word_1_106' title='bbox 845 1527 994 1594; x_wconf 90' lang='lat' dir='ltr'>movebat</span> 
     </span>
     <span class='ocr_line' id='line_1_16' title="bbox 143 1611 914 1698; baseline 0.003 -22"><span class='ocrx_word' id='word_1_107' title='bbox 143 1634 211 1696; x_wconf 87' lang='lat' dir='ltr'>rpse</span> <span class='ocrx_word' id='word_1_108' title='bbox 228 1631 326 1688; x_wconf 87' lang='lat' dir='ltr'>amor,</span> <span class='ocrx_word' id='word_1_109' title='bbox 344 1612 481 1677; x_wconf 92' lang='lat' dir='ltr'>admisso</span> <span class='ocrx_word' id='word_1_110' title='bbox 498 1611 641 1696; x_wconf 91' lang='lat' dir='ltr'>sequitur</span> <span class='ocrx_word' id='word_1_111' title='bbox 656 1613 792 1698; x_wconf 84' lang='lat' dir='ltr'>vestigia</span> <span class='ocrx_word' id='word_1_112' title='bbox 808 1636 914 1698; x_wconf 86' lang='lat' dir='ltr'>passu.</span> 
     </span>
     <span class='ocr_line' id='line_1_17' title="bbox 144 1696 956 1782; baseline 0.004 -21"><span class='ocrx_word' id='word_1_113' title='bbox 144 1711 180 1761; x_wconf 90' lang='lat' dir='ltr'>ut</span> <span class='ocrx_word' id='word_1_114' title='bbox 197 1696 284 1761; x_wconf 87' lang='lat' dir='ltr'>canis</span> <span class='ocrx_word' id='word_1_115' title='bbox 300 1696 334 1761; x_wconf 91' lang='lat' dir='ltr'>in</span> <span class='ocrx_word' id='word_1_116' title='bbox 351 1719 452 1763; x_wconf 89' lang='lat' dir='ltr'>vacuo</span> <span class='ocrx_word' id='word_1_117' title='bbox 468 1698 609 1782; x_wconf 89' lang='lat' dir='ltr'>leporem</span> <span class='ocrx_word' id='word_1_118' title='bbox 626 1719 699 1763; x_wconf 94' lang='lat' dir='ltr'>cum</span> <span class='ocrx_word' id='word_1_119' title='bbox 718 1696 861 1764; x_wconf 88' lang='lat' dir='ltr'>Gallicus</span> <span class='ocrx_word' id='word_1_120' title='bbox 879 1720 956 1764; x_wconf 87' lang='lat' dir='ltr'>arvo</span> 
     </span>
     <span class='ocr_line' id='line_1_18' title="bbox 144 1781 1021 1869; baseline 0.005 -22"><span class='ocrx_word' id='word_1_121' title='bbox 144 1782 237 1860; x_wconf 89' lang='lat' dir='ltr'>vidit,</span> <span class='ocrx_word' id='word_1_122' title='bbox 255 1792 287 1848; x_wconf 94' lang='lat' dir='ltr'>et</span> <span class='ocrx_word' id='word_1_123' title='bbox 304 1781 356 1848; x_wconf 91' lang='lat' dir='ltr'>hic</span> <span class='ocrx_word' id='word_1_124' title='bbox 371 1783 522 1869; x_wconf 90' lang='lat' dir='ltr'>praedam</span> <span class='ocrx_word' id='word_1_125' title='bbox 539 1783 674 1868; x_wconf 89' lang='lat' dir='ltr'>pedibus</span> <span class='ocrx_word' id='word_1_126' title='bbox 691 1784 785 1869; x_wconf 93' lang='lat' dir='ltr'>petit,</span> <span class='ocrx_word' id='word_1_127' title='bbox 802 1783 855 1850; x_wconf 89' lang='lat' dir='ltr'>ille</span> <span class='ocrx_word' id='word_1_128' title='bbox 872 1785 1021 1851; x_wconf 80' lang='lat' dir='ltr'>salutem:</span> 
     </span>
     <span class='ocr_line' id='line_1_19' title="bbox 145 1867 1231 1953; baseline 0.006 -20"><span class='ocrx_word' id='word_1_129' title='bbox 145 1869 224 1933; x_wconf 88' lang='lat' dir='ltr'>alter</span> <span class='ocrx_word' id='word_1_130' title='bbox 239 1867 407 1933; x_wconf 79' lang='lat' dir='ltr'>inhaesuro</span> <span class='ocrx_word' id='word_1_131' title='bbox 425 1867 534 1933; x_wconf 90' lang='lat' dir='ltr'>similis</span> <span class='ocrx_word' id='word_1_132' title='bbox 551 1868 616 1932; x_wconf 89' lang='lat' dir='ltr'>iam</span> <span class='ocrx_word' id='word_1_133' title='bbox 633 1868 759 1953; x_wconf 86' lang='lat' dir='ltr'>iamque</span> <span class='ocrx_word' id='word_1_134' title='bbox 777 1881 884 1935; x_wconf 89' lang='lat' dir='ltr'>tencre</span> <span class='ocrx_word' id='word_1_135' title='bbox 1181 1888 1231 1940; x_wconf 83' lang='grc'>555</span> 
     </span>
     <span class='ocr_line' id='line_1_20' title="bbox 144 1952 864 2040; baseline 0 -20"><span class='ocrx_word' id='word_1_136' title='bbox 144 1964 251 2039; x_wconf 92' lang='lat' dir='ltr'>sperat</span> <span class='ocrx_word' id='word_1_137' title='bbox 268 1965 300 2019; x_wconf 88' lang='lat' dir='ltr'>et</span> <span class='ocrx_word' id='word_1_138' title='bbox 316 1964 442 2019; x_wconf 85' lang='lat' dir='ltr'>extento</span> <span class='ocrx_word' id='word_1_139' title='bbox 461 1952 586 2040; x_wconf 84' lang='lat' dir='ltr'>stringit</span> <span class='ocrx_word' id='word_1_140' title='bbox 602 1954 738 2039; x_wconf 83' lang='lat' dir='ltr'>vestigia</span> <span class='ocrx_word' id='word_1_141' title='bbox 753 1966 864 2033; x_wconf 91' lang='lat' dir='ltr'>rostro,</span> 
     </span>
     <span class='ocr_line' id='line_1_21' title="bbox 144 2038 1017 2126; baseline 0.002 -22"><span class='ocrx_word' id='word_1_142' title='bbox 144 2041 224 2105; x_wconf 91' lang='lat' dir='ltr'>alter</span> <span class='ocrx_word' id='word_1_143' title='bbox 239 2038 273 2103; x_wconf 91' lang='lat' dir='ltr'>in</span> <span class='ocrx_word' id='word_1_144' title='bbox 290 2038 440 2124; x_wconf 86' lang='lat' dir='ltr'>ambiguo</span> <span class='ocrx_word' id='word_1_145' title='bbox 458 2050 520 2116; x_wconf 92' lang='lat' dir='ltr'>est,</span> <span class='ocrx_word' id='word_1_146' title='bbox 537 2061 579 2103; x_wconf 90' lang='lat' dir='ltr'>an</span> <span class='ocrx_word' id='word_1_147' title='bbox 596 2039 638 2104; x_wconf 92' lang='lat' dir='ltr'>sit</span> <span class='ocrx_word' id='word_1_148' title='bbox 654 2060 872 2126; x_wconf 89' lang='lat' dir='ltr'>comprensus,</span> <span class='ocrx_word' id='word_1_149' title='bbox 890 2051 923 2106; x_wconf 91' lang='lat' dir='ltr'>et</span> <span class='ocrx_word' id='word_1_150' title='bbox 939 2039 1017 2126; x_wconf 92' lang='lat' dir='ltr'>ipsis</span> 
     </span>
     <span class='ocr_line' id='line_1_22' title="bbox 144 2122 946 2210; baseline 0.001 -21"><span class='ocrx_word' id='word_1_151' title='bbox 144 2123 302 2189; x_wconf 87' lang='lat' dir='ltr'>morsibus</span> <span class='ocrx_word' id='word_1_152' title='bbox 320 2123 450 2209; x_wconf 90' lang='lat' dir='ltr'>eripitur</span> <span class='ocrx_word' id='word_1_153' title='bbox 467 2122 692 2210; x_wconf 81' lang='lat' dir='ltr'>tangentiaque</span> <span class='ocrx_word' id='word_1_154' title='bbox 711 2144 767 2189; x_wconf 91' lang='lat' dir='ltr'>ora</span> <span class='ocrx_word' id='word_1_155' title='bbox 783 2124 946 2208; x_wconf 85' lang='lat' dir='ltr'>relinquit:</span> 
     </span>
     <span class='ocr_line' id='line_1_23' title="bbox 145 2209 982 2297; baseline 0.002 -21"><span class='ocrx_word' id='word_1_156' title='bbox 145 2210 190 2276; x_wconf 91' lang='lat' dir='ltr'>sio</span> <span class='ocrx_word' id='word_1_157' title='bbox 208 2210 286 2276; x_wconf 85' lang='lat' dir='ltr'>deus</span> <span class='ocrx_word' id='word_1_158' title='bbox 304 2220 336 2277; x_wconf 90' lang='lat' dir='ltr'>et</span> <span class='ocrx_word' id='word_1_159' title='bbox 351 2209 442 2297; x_wconf 79' lang='lat' dir='ltr'>virgo</span> <span class='ocrx_word' id='word_1_160' title='bbox 460 2220 517 2287; x_wconf 86' lang='lat' dir='ltr'>est,</span> <span class='ocrx_word' id='word_1_161' title='bbox 535 2209 587 2275; x_wconf 90' lang='lat' dir='ltr'>hic</span> <span class='ocrx_word' id='word_1_162' title='bbox 604 2232 661 2296; x_wconf 91' lang='lat' dir='ltr'>spe</span> <span class='ocrx_word' id='word_1_163' title='bbox 678 2209 771 2287; x_wconf 84' lang='lat' dir='ltr'>celer,</span> <span class='ocrx_word' id='word_1_164' title='bbox 789 2210 843 2275; x_wconf 89' lang='lat' dir='ltr'>illa</span> <span class='ocrx_word' id='word_1_165' title='bbox 860 2211 982 2279; x_wconf 76' lang='lat' dir='ltr'>timore.</span> 
     </span>
     <span class='ocr_line' id='line_1_24' title="bbox 145 2293 1234 2382; baseline 0.001 -22"><span class='ocrx_word' id='word_1_166' title='bbox 145 2296 200 2380; x_wconf 94' lang='lat' dir='ltr'>qui</span> <span class='ocrx_word' id='word_1_167' title='bbox 217 2307 323 2361; x_wconf 88' lang='lat' dir='ltr'>tamen</span> <span class='ocrx_word' id='word_1_168' title='bbox 339 2293 524 2379; x_wconf 90' lang='lat' dir='ltr'>insequitur,</span> <span class='ocrx_word' id='word_1_169' title='bbox 541 2295 653 2382; x_wconf 89' lang='lat' dir='ltr'>pennis</span> <span class='ocrx_word' id='word_1_170' title='bbox 671 2296 797 2361; x_wconf 87' lang='lat' dir='ltr'>adiutus</span> <span class='ocrx_word' id='word_1_171' title='bbox 815 2296 943 2361; x_wconf 84' lang='lat' dir='ltr'>Amoris</span> <span class='ocrx_word' id='word_1_172' title='bbox 1182 2317 1234 2367; x_wconf 83' lang='grc'>545</span> 
     </span>
     <span class='ocr_line' id='line_1_25' title="bbox 145 2380 943 2467; baseline 0.001 -22"><span class='ocrx_word' id='word_1_173' title='bbox 145 2382 231 2446; x_wconf 91' lang='lat' dir='ltr'>ocior</span> <span class='ocrx_word' id='word_1_174' title='bbox 248 2393 295 2446; x_wconf 92' lang='lat' dir='ltr'>est</span> <span class='ocrx_word' id='word_1_175' title='bbox 312 2380 518 2465; x_wconf 88' lang='lat' dir='ltr'>requiemque</span> <span class='ocrx_word' id='word_1_176' title='bbox 534 2394 631 2467; x_wconf 83' lang='lat' dir='ltr'>negat</span> <span class='ocrx_word' id='word_1_177' title='bbox 648 2392 802 2467; x_wconf 85' lang='lat' dir='ltr'>tergoque</span> <span class='ocrx_word' id='word_1_178' title='bbox 819 2382 943 2467; x_wconf 84' lang='lat' dir='ltr'>fugacis</span> 
     </span>
     <span class='ocr_line' id='line_1_26' title="bbox 143 2465 953 2553; baseline 0.001 -21"><span class='ocrx_word' id='word_1_179' title='bbox 143 2465 288 2532; x_wconf 91' lang='lat' dir='ltr'>imminet</span> <span class='ocrx_word' id='word_1_180' title='bbox 305 2479 337 2531; x_wconf 93' lang='lat' dir='ltr'>et</span> <span class='ocrx_word' id='word_1_181' title='bbox 354 2467 472 2532; x_wconf 90' lang='lat' dir='ltr'>crinem</span> <span class='ocrx_word' id='word_1_182' title='bbox 490 2489 635 2553; x_wconf 91' lang='lat' dir='ltr'>sparsum</span> <span class='ocrx_word' id='word_1_183' title='bbox 653 2466 829 2532; x_wconf 88' lang='lat' dir='ltr'>cervicibus</span> <span class='ocrx_word' id='word_1_184' title='bbox 847 2468 953 2533; x_wconf 88' lang='lat' dir='ltr'>adflat.</span> 
     </span>
     <span class='ocr_line' id='line_1_27' title="bbox 144 2550 934 2638; baseline 0.003 -22"><span class='ocrx_word' id='word_1_185' title='bbox 144 2550 458 2637; x_wconf 84' lang='lat' dir='ltr'>viribus-absumptis</span> <span class='ocrx_word' id='word_1_186' title='bbox 476 2552 629 2638; x_wconf 84' lang='lat' dir='ltr'>expalluit</span> <span class='ocrx_word' id='word_1_187' title='bbox 645 2551 713 2628; x_wconf 90' lang='lat' dir='ltr'>illa,</span> <span class='ocrx_word' id='word_1_188' title='bbox 732 2553 877 2637; x_wconf 82' lang='lat' dir='ltr'>citaeque</span> <span class='ocrx_word' id='word_1_189' title='bbox 932 2559 934 2565; x_wconf 86' lang='lat'>&#39;</span> 
     </span>
     <span class='ocr_line' id='line_1_28' title="bbox 145 2637 938 2723; baseline 0.001 -22"><span class='ocrx_word' id='word_1_190' title='bbox 145 2638 229 2702; x_wconf 88' lang='lat' dir='ltr'>victa</span> <span class='ocrx_word' id='word_1_191' title='bbox 244 2637 353 2702; x_wconf 90' lang='lat' dir='ltr'>labore</span> <span class='ocrx_word' id='word_1_192' title='bbox 369 2637 480 2723; x_wconf 85' lang='lat' dir='ltr'>fugae,</span> <span class='ocrx_word' id='word_1_193' title='bbox 498 2649 644 2723; x_wconf 88' lang='lat' dir='ltr'>spectans</span> <span class='ocrx_word' id='word_1_194' title='bbox 660 2637 819 2703; x_wconf 74' lang='lat' dir='ltr'>Peneidas</span> <span class='ocrx_word' id='word_1_195' title='bbox 836 2637 938 2703; x_wconf 89' lang='lat' dir='ltr'>undas</span> 
     </span>
     <span class='ocr_line' id='line_1_29' title="bbox 145 2722 1233 2809; baseline 0.006 -22"><span class='ocrx_word' id='word_1_196' title='bbox 145 2723 219 2800; x_wconf 71' lang='lat' dir='ltr'>‘fen</span> <span class='ocrx_word' id='word_1_197' title='bbox 236 2722 345 2807; x_wconf 91' lang='lat' dir='ltr'>pater,&#39;</span> <span class='ocrx_word' id='word_1_198' title='bbox 362 2722 464 2805; x_wconf 92' lang='lat' dir='ltr'>inquit</span> <span class='ocrx_word' id='word_1_199' title='bbox 483 2729 589 2809; x_wconf 89' lang='lat' dir='ltr'>‘opem</span> <span class='ocrx_word' id='word_1_200' title='bbox 594 2768 604 2799; x_wconf 91' lang='lat'>,</span> <span class='ocrx_word' id='word_1_201' title='bbox 622 2722 649 2788; x_wconf 89' lang='lat' dir='ltr'>si</span> <span class='ocrx_word' id='word_1_202' title='bbox 666 2723 798 2788; x_wconf 87' lang='lat' dir='ltr'>flumina</span> <span class='ocrx_word' id='word_1_203' title='bbox 813 2746 932 2788; x_wconf 90' lang='lat' dir='ltr'>numen</span> <span class='ocrx_word' id='word_1_204' title='bbox 949 2723 1086 2789; x_wconf 87' lang='lat' dir='ltr'>habetisl</span> <span class='ocrx_word' id='word_1_205' title='bbox 1182 2744 1233 2793; x_wconf 85' lang='grc'>545</span> 
     </span>
    </p>
   </div>
   <div class='ocr_carea' id='block_1_3' title="bbox 144 2806 1232 3301">
    <p class='ocr_par' dir='ltr' id='par_1_3' title="bbox 145 2806 959 2908">
     <span class='ocr_line' id='line_1_30' title="bbox 145 2806 959 2908; baseline 0.001 -37"><span class='ocrx_word' id='word_1_206' title='bbox 145 2829 210 2892; x_wconf 92' lang='lat' dir='ltr'>qua</span> <span class='ocrx_word' id='word_1_207' title='bbox 225 2806 359 2871; x_wconf 91' lang='lat' dir='ltr'>nimium</span> <span class='ocrx_word' id='word_1_208' title='bbox 372 2806 495 2908; x_wconf 89' lang='lat' dir='ltr'>placui,</span> <span class='ocrx_word' id='word_1_209' title='bbox 512 2808 665 2874; x_wconf 88' lang='lat' dir='ltr'>mutando</span> <span class='ocrx_word' id='word_1_210' title='bbox 681 2809 779 2895; x_wconf 91' lang='lat' dir='ltr'>perde</span> <span class='ocrx_word' id='word_1_211' title='bbox 795 2807 959 2895; x_wconf 83' lang='lat' dir='ltr'>figuraml’</span> 
     </span>
    </p>

    <p class='ocr_par' dir='ltr' id='par_1_4' title="bbox 145 2888 963 2992">
     <span class='ocr_line' id='line_1_31' title="bbox 145 2888 963 2992; baseline 0.001 -35"><span class='ocrx_word' id='word_1_212' title='bbox 145 2894 200 2958; x_wconf 82' lang='lat' dir='ltr'>vix</span> <span class='ocrx_word' id='word_1_213' title='bbox 217 2915 310 2992; x_wconf 88' lang='lat' dir='ltr'>prece</span> <span class='ocrx_word' id='word_1_214' title='bbox 327 2891 429 2970; x_wconf 88' lang='lat' dir='ltr'>fimta,</span> <span class='ocrx_word' id='word_1_215' title='bbox 447 2906 554 2979; x_wconf 91' lang='lat' dir='ltr'>torpor</span> <span class='ocrx_word' id='word_1_216' title='bbox 570 2893 677 2981; x_wconf 82' lang='lat' dir='ltr'>gravis</span> <span class='ocrx_word' id='word_1_217' title='bbox 694 2905 829 2979; x_wconf 89' lang='lat' dir='ltr'>occupat</span> <span class='ocrx_word' id='word_1_218' title='bbox 846 2888 963 2969; x_wconf 70' lang='lat' dir='ltr'>artua&#39;</span> 
     </span>
    </p>

    <p class='ocr_par' dir='ltr' id='par_1_5' title="bbox 144 2977 851 3065">
     <span class='ocr_line' id='line_1_32' title="bbox 144 2977 851 3065; baseline 0 -22"><span class='ocrx_word' id='word_1_219' title='bbox 144 2978 252 3043; x_wconf 89' lang='lat' dir='ltr'>molha</span> <span class='ocrx_word' id='word_1_220' title='bbox 268 2978 438 3064; x_wconf 87' lang='lat' dir='ltr'>cinguntur</span> <span class='ocrx_word' id='word_1_221' title='bbox 454 2977 541 3044; x_wconf 90' lang='lat' dir='ltr'>tenui</span> <span class='ocrx_word' id='word_1_222' title='bbox 558 2979 743 3065; x_wconf 89' lang='lat' dir='ltr'>praecordia</span> <span class='ocrx_word' id='word_1_223' title='bbox 758 2979 851 3055; x_wconf 90' lang='lat' dir='ltr'>libro,</span> 
     </span>
    </p>

    <p class='ocr_par' dir='ltr' id='par_1_6' title="bbox 144 3063 981 3143">
     <span class='ocr_line' id='line_1_33' title="bbox 144 3063 981 3143; baseline 0 -15"><span class='ocrx_word' id='word_1_224' title='bbox 144 3063 178 3128; x_wconf 91' lang='lat' dir='ltr'>in</span> <span class='ocrx_word' id='word_1_225' title='bbox 195 3063 339 3128; x_wconf 89' lang='lat' dir='ltr'>frondem</span> <span class='ocrx_word' id='word_1_226' title='bbox 357 3063 472 3139; x_wconf 89' lang='lat' dir='ltr'>crines,</span> <span class='ocrx_word' id='word_1_227' title='bbox 489 3065 523 3129; x_wconf 90' lang='lat' dir='ltr'>in</span> <span class='ocrx_word' id='word_1_228' title='bbox 539 3085 644 3129; x_wconf 91' lang='lat' dir='ltr'>ramos</span> <span class='ocrx_word' id='word_1_229' title='bbox 661 3064 810 3130; x_wconf 85' lang='lat' dir='ltr'>bracchia</span> <span class='ocrx_word' id='word_1_230' title='bbox 827 3074 981 3143; x_wconf 89' lang='lat' dir='ltr'>crescunt,</span> 
     </span>
    </p>

    <p class='ocr_par' dir='ltr' id='par_1_7' title="bbox 144 3149 1232 3301">
     <span class='ocr_line' id='line_1_34' title="bbox 144 3149 1232 3236; baseline 0.006 -23"><span class='ocrx_word' id='word_1_231' title='bbox 144 3171 217 3235; x_wconf 88' lang='lat' dir='ltr'>pes,</span> <span class='ocrx_word' id='word_1_232' title='bbox 234 3149 328 3213; x_wconf 89' lang='lat' dir='ltr'>modo</span> <span class='ocrx_word' id='word_1_233' title='bbox 346 3159 411 3213; x_wconf 89' lang='lat' dir='ltr'>tam</span> <span class='ocrx_word' id='word_1_234' title='bbox 428 3150 537 3227; x_wconf 83' lang='lat' dir='ltr'>velox,</span> <span class='ocrx_word' id='word_1_235' title='bbox 555 3150 654 3236; x_wconf 85' lang='lat' dir='ltr'>pigris</span> <span class='ocrx_word' id='word_1_236' title='bbox 671 3150 830 3215; x_wconf 87' lang='lat' dir='ltr'>radicibus</span> <span class='ocrx_word' id='word_1_237' title='bbox 847 3150 965 3225; x_wconf 89' lang='lat' dir='ltr'>haeret,</span> <span class='ocrx_word' id='word_1_238' title='bbox 1113 3156 1116 3164; x_wconf 82' lang='lat'><em>&#39;</em></span> <span class='ocrx_word' id='word_1_239' title='bbox 1182 3171 1232 3220; x_wconf 83' lang='grc'>555</span> 
     </span>
     <span class='ocr_line' id='line_1_35' title="bbox 145 3234 977 3301; baseline 0 -3"><span class='ocrx_word' id='word_1_240' title='bbox 145 3255 201 3298; x_wconf 88' lang='lat' dir='ltr'>ora</span> <span class='ocrx_word' id='word_1_241' title='bbox 214 3256 367 3299; x_wconf 88' lang='lat' dir='ltr'>cacumen</span> <span class='ocrx_word' id='word_1_242' title='bbox 376 3234 482 3300; x_wconf 88' lang='lat' dir='ltr'>habet.</span> <span class='ocrx_word' id='word_1_243' title='bbox 505 3246 648 3301; x_wconf 86' lang='lat' dir='ltr'>remanet</span> <span class='ocrx_word' id='word_1_244' title='bbox 664 3236 748 3300; x_wconf 91' lang='lat' dir='ltr'>nitor</span> <span class='ocrx_word' id='word_1_245' title='bbox 764 3256 847 3300; x_wconf 90' lang='lat' dir='ltr'>unus</span> <span class='ocrx_word' id='word_1_246' title='bbox 864 3236 897 3299; x_wconf 92' lang='lat' dir='ltr'>in</span> <span class='ocrx_word' id='word_1_247' title='bbox 914 3235 977 3300; x_wconf 90' lang='lat' dir='ltr'>illa.</span> 
     </span>
    </p>
   </div>
   <div class='ocr_carea' id='block_1_4' title="bbox 144 3311 1230 4176">
    <p class='ocr_par' dir='ltr' id='par_1_8' title="bbox 145 3311 1223 3575">
     <span class='ocr_line' id='line_1_36' title="bbox 145 3311 1223 3408; baseline 0.001 -25"><span class='ocrx_word' id='word_1_248' title='bbox 145 3318 370 3403; x_wconf 78' lang='lat' dir='ltr'>huncquoque</span> <span class='ocrx_word' id='word_1_249' title='bbox 387 3319 538 3386; x_wconf 90' lang='lat' dir='ltr'>Phoebus</span> <span class='ocrx_word' id='word_1_250' title='bbox 555 3331 656 3398; x_wconf 87' lang='lat' dir='ltr'>amat,</span> <span class='ocrx_word' id='word_1_251' title='bbox 672 3321 839 3408; x_wconf 87' lang='lat' dir='ltr'>positaque</span> <span class='ocrx_word' id='word_1_252' title='bbox 855 3320 890 3385; x_wconf 90' lang='lat' dir='ltr'>in</span> <span class='ocrx_word' id='word_1_253' title='bbox 907 3319 1013 3405; x_wconf 91' lang='lat' dir='ltr'>stipite</span> <span class='ocrx_word' id='word_1_254' title='bbox 1030 3320 1142 3385; x_wconf 88' lang='lat' dir='ltr'>dextra</span> <span class='ocrx_word' id='word_1_255' title='bbox 1193 3311 1195 3316; x_wconf 64' lang='grc'><strong>’</strong></span> <span class='ocrx_word' id='word_1_256' title='bbox 1219 3325 1223 3336; x_wconf 85' lang='lat'><em>&#39;</em></span> 
     </span>
     <span class='ocr_line' id='line_1_37' title="bbox 145 3404 985 3491; baseline -0.001 -22"><span class='ocrx_word' id='word_1_257' title='bbox 145 3405 240 3470; x_wconf 86' lang='lat' dir='ltr'>sentit</span> <span class='ocrx_word' id='word_1_258' title='bbox 257 3404 361 3469; x_wconf 90' lang='lat' dir='ltr'>adhuc</span> <span class='ocrx_word' id='word_1_259' title='bbox 379 3404 536 3491; x_wconf 79' lang='lat' dir='ltr'>trepidare</span> <span class='ocrx_word' id='word_1_260' title='bbox 549 3413 636 3471; x_wconf 85' lang='lat' dir='ltr'>&#39;novo</span> <span class='ocrx_word' id='word_1_261' title='bbox 653 3404 714 3471; x_wconf 89' lang='lat' dir='ltr'>sub</span> <span class='ocrx_word' id='word_1_262' title='bbox 731 3405 847 3472; x_wconf 86' lang='lat' dir='ltr'>cortice</span> <span class='ocrx_word' id='word_1_263' title='bbox 864 3417 985 3491; x_wconf 88' lang='lat' dir='ltr'>pectus,</span> 
     </span>
     <span class='ocr_line' id='line_1_38' title="bbox 146 3489 971 3575; baseline 0.002 -22"><span class='ocrx_word' id='word_1_264' title='bbox 146 3489 392 3575; x_wconf 87' lang='lat' dir='ltr'>complexusque</span> <span class='ocrx_word' id='word_1_265' title='bbox 409 3490 474 3555; x_wconf 94' lang='lat' dir='ltr'>suis</span> <span class='ocrx_word' id='word_1_266' title='bbox 492 3512 606 3568; x_wconf 89' lang='lat' dir='ltr'>ramos,</span> <span class='ocrx_word' id='word_1_267' title='bbox 624 3501 660 3556; x_wconf 94' lang='lat' dir='ltr'>ut</span> <span class='ocrx_word' id='word_1_268' title='bbox 676 3491 829 3568; x_wconf 89' lang='lat' dir='ltr'>membra,</span> <span class='ocrx_word' id='word_1_269' title='bbox 847 3491 971 3555; x_wconf 89' lang='lat' dir='ltr'>lacertis</span> 
     </span>
    </p>

    <p class='ocr_par' dir='ltr' id='par_1_9' title="bbox 144 3575 1230 3743">
     <span class='ocr_line' id='line_1_39' title="bbox 144 3575 1230 3662; baseline 0.004 -23"><span class='ocrx_word' id='word_1_270' title='bbox 144 3576 253 3639; x_wconf 88' lang='lat' dir='ltr'>oscula</span> <span class='ocrx_word' id='word_1_271' title='bbox 270 3575 324 3639; x_wconf 91' lang='lat' dir='ltr'>dat</span> <span class='ocrx_word' id='word_1_272' title='bbox 341 3575 442 3661; x_wconf 86' lang='lat' dir='ltr'>ligno:</span> <span class='ocrx_word' id='word_1_273' title='bbox 460 3575 579 3662; x_wconf 86' lang='lat' dir='ltr'>refugit</span> <span class='ocrx_word' id='word_1_274' title='bbox 594 3588 700 3642; x_wconf 89' lang='lat' dir='ltr'>tamen</span> <span class='ocrx_word' id='word_1_275' title='bbox 718 3576 827 3642; x_wconf 88' lang='lat' dir='ltr'>oscula</span> <span class='ocrx_word' id='word_1_276' title='bbox 842 3576 975 3661; x_wconf 83' lang='lat' dir='ltr'>lignum.</span> <span class='ocrx_word' id='word_1_277' title='bbox 1180 3594 1230 3643; x_wconf 91' lang='grc'>555</span> 
     </span>
     <span class='ocr_line' id='line_1_40' title="bbox 145 3660 1051 3743; baseline 0.001 -18"><span class='ocrx_word' id='word_1_278' title='bbox 145 3660 196 3725; x_wconf 89' lang='lat' dir='ltr'>cui</span> <span class='ocrx_word' id='word_1_279' title='bbox 214 3660 291 3725; x_wconf 91' lang='lat' dir='ltr'>deus</span> <span class='ocrx_word' id='word_1_280' title='bbox 309 3668 357 3724; x_wconf 85' lang='lat' dir='ltr'>‘at</span> <span class='ocrx_word' id='word_1_281' title='bbox 374 3660 522 3743; x_wconf 91' lang='lat' dir='ltr'>quoniam</span> <span class='ocrx_word' id='word_1_282' title='bbox 540 3662 678 3726; x_wconf 87' lang='lat' dir='ltr'>coniunx</span> <span class='ocrx_word' id='word_1_283' title='bbox 695 3684 767 3727; x_wconf 89' lang='lat' dir='ltr'>mea</span> <span class='ocrx_word' id='word_1_284' title='bbox 783 3682 848 3726; x_wconf 89' lang='lat' dir='ltr'>non</span> <span class='ocrx_word' id='word_1_285' title='bbox 888 3672 954 3726; x_wconf 92' lang='lat' dir='ltr'>otes</span> <span class='ocrx_word' id='word_1_286' title='bbox 972 3682 1051 3737; x_wconf 87' lang='lat' dir='ltr'>esse,</span> 
     </span>
    </p>

    <p class='ocr_par' dir='ltr' id='par_1_10' title="bbox 145 3684 1056 3833">
     <span class='ocr_line' id='line_1_41' title="bbox 145 3684 1056 3833; baseline 0.002 -24"><span class='ocrx_word' id='word_1_287' title='bbox 145 3743 239 3809; x_wconf 88' lang='lat' dir='ltr'>arbor</span> <span class='ocrx_word' id='word_1_288' title='bbox 255 3745 316 3810; x_wconf 89' lang='lat' dir='ltr'>eris</span> <span class='ocrx_word' id='word_1_289' title='bbox 332 3745 431 3812; x_wconf 89' lang='lat' dir='ltr'>certe&#39;</span> <span class='ocrx_word' id='word_1_290' title='bbox 449 3745 528 3810; x_wconf 83' lang='lat' dir='ltr'>dixit</span> <span class='ocrx_word' id='word_1_291' title='bbox 545 3752 639 3812; x_wconf 82' lang='lat' dir='ltr'>‘mea</span> <span class='ocrx_word' id='word_1_292' title='bbox 682 3768 806 3833; x_wconf 89' lang='lat' dir='ltr'>semper</span> <span class='ocrx_word' id='word_1_293' title='bbox 822 3684 986 3811; x_wconf 75' lang='lat' dir='ltr'>hahebunt</span> <span class='ocrx_word' id='word_1_294' title='bbox 1054 3772 1056 3776; x_wconf 66' lang='grc'>’</span> 
     </span>
    </p>

    <p class='ocr_par' dir='ltr' id='par_1_11' title="bbox 145 3829 1034 3917">
     <span class='ocr_line' id='line_1_42' title="bbox 145 3829 1034 3917; baseline 0.001 -23"><span class='ocrx_word' id='word_1_295' title='bbox 145 3840 177 3894; x_wconf 83' lang='grc'>55</span> <span class='ocrx_word' id='word_1_296' title='bbox 194 3849 297 3905; x_wconf 88' lang='lat' dir='ltr'>coma,</span> <span class='ocrx_word' id='word_1_297' title='bbox 315 3840 346 3897; x_wconf 87' lang='lat' dir='ltr'>te</span> <span class='ocrx_word' id='word_1_298' title='bbox 363 3829 517 3907; x_wconf 87' lang='lat' dir='ltr'>citharae,</span> <span class='ocrx_word' id='word_1_299' title='bbox 535 3842 566 3897; x_wconf 94' lang='lat' dir='ltr'>te</span> <span class='ocrx_word' id='word_1_300' title='bbox 582 3842 723 3908; x_wconf 89' lang='lat' dir='ltr'>nostrae,</span> <span class='ocrx_word' id='word_1_301' title='bbox 739 3832 843 3908; x_wconf 88' lang='lat' dir='ltr'>laure,</span> <span class='ocrx_word' id='word_1_302' title='bbox 859 3830 1034 3917; x_wconf 87' lang='lat' dir='ltr'>pharetrae.</span> 
     </span>
    </p>

    <p class='ocr_par' dir='ltr' id='par_1_12' title="bbox 145 3913 993 4005">
     <span class='ocr_line' id='line_1_43' title="bbox 145 3913 993 4005; baseline 0.007 -29"><span class='ocrx_word' id='word_1_303' title='bbox 145 3923 182 3977; x_wconf 90' lang='lat' dir='ltr'>tu</span> <span class='ocrx_word' id='word_1_304' title='bbox 200 3913 332 3981; x_wconf 91' lang='lat' dir='ltr'>ducibus</span> <span class='ocrx_word' id='word_1_305' title='bbox 350 3915 453 3981; x_wconf 89' lang='lat' dir='ltr'>Latiis</span> <span class='ocrx_word' id='word_1_306' title='bbox 470 3914 588 3993; x_wconf 85' lang='lat' dir='ltr'>aderis,</span> <span class='ocrx_word' id='word_1_307' title='bbox 605 3938 678 3982; x_wconf 94' lang='lat' dir='ltr'>cum</span> <span class='ocrx_word' id='word_1_308' title='bbox 694 3917 778 3982; x_wconf 87' lang='lat' dir='ltr'>laeta</span> <span class='ocrx_word' id='word_1_309' title='bbox 796 3916 993 4005; x_wconf 90' lang='lat' dir='ltr'>triumphum</span> 
     </span>
    </p>

    <p class='ocr_par' dir='ltr' id='par_1_13' title="bbox 144 3998 1230 4176">
     <span class='ocr_line' id='line_1_44' title="bbox 146 3998 1230 4090; baseline 0.006 -27"><span class='ocrx_word' id='word_1_310' title='bbox 146 4019 209 4063; x_wconf 84' lang='lat' dir='ltr'>vox</span> <span class='ocrx_word' id='word_1_311' title='bbox 226 4012 317 4066; x_wconf 88' lang='lat' dir='ltr'>canet</span> <span class='ocrx_word' id='word_1_312' title='bbox 334 4013 366 4066; x_wconf 92' lang='lat' dir='ltr'>et</span> <span class='ocrx_word' id='word_1_313' title='bbox 383 4001 485 4069; x_wconf 86' lang='lat' dir='ltr'>visent</span> <span class='ocrx_word' id='word_1_314' title='bbox 502 4002 613 4087; x_wconf 85' lang='lat' dir='ltr'>longas</span> <span class='ocrx_word' id='word_1_315' title='bbox 631 3998 791 4090; x_wconf 83' lang='lat' dir='ltr'>Capitolia</span> <span class='ocrx_word' id='word_1_316' title='bbox 807 4022 949 4087; x_wconf 89' lang='lat' dir='ltr'>pompas.</span> <span class='ocrx_word' id='word_1_317' title='bbox 1178 4019 1230 4072; x_wconf 85' lang='grc'>555</span> 
     </span>
     <span class='ocr_line' id='line_1_45' title="bbox 144 4083 879 4176; baseline 0.005 -29"><span class='ocrx_word' id='word_1_318' title='bbox 144 4083 287 4174; x_wconf 91' lang='lat' dir='ltr'>postibus</span> <span class='ocrx_word' id='word_1_319' title='bbox 304 4085 461 4172; x_wconf 85' lang='lat' dir='ltr'>Augustis</span> <span class='ocrx_word' id='word_1_320' title='bbox 479 4084 590 4176; x_wconf 86' lang='lat' dir='ltr'>eadem</span> <span class='ocrx_word' id='word_1_321' title='bbox 606 4085 758 4152; x_wconf 84' lang='lat' dir='ltr'>fidissima</span> <span class='ocrx_word' id='word_1_322' title='bbox 775 4097 879 4153; x_wconf 91' lang='lat' dir='ltr'>custos</span> 
     </span>
    </p>
   </div>
   <div class='ocr_carea' id='block_1_5' title="bbox 0 0 1411 4500">
    <p class='ocr_par' dir='ltr' id='par_1_14' title="bbox 0 0 1411 4500">
     <span class='ocr_line' id='line_1_46' title="bbox 0 0 1411 4500; baseline 0 0"><span class='ocrx_word' id='word_1_323' title='bbox 0 0 1411 4500; x_wconf 95' lang='lat' dir='ltr'> </span> 
     </span>
    </p>
   </div>
  </div>
 </body>
</html>
