2800 4500
324 260 692 321 METAMORPHOSEON
707 260 780 319 LIB.
799 261 849 319 IV.
867 259 1011 317 rsa-271.
1134 245 1178 313 61,

155 384 268 451 mundi
285 387 405 452 oculus.
431 386 523 465 mihi,
541 389 648 464 crede,
686 385 803 453 laces.''
829 395 923 471 pavet
939 383 1008 462 illa,
1025 393 1176 468 metuque

157 483 189 537 et
205 472 293 537 colus
310 482 342 538 et
357 471 448 538 fusus
465 473 572 560 digitis
590 409 732 539 cecidere
747 471 896 537 remissis.

156 559 225 644 ipse
242 557 336 622 timor
352 558 471 625 decuit:
488 581 549 624 nec
564 557 692 642 longius
708 558 762 624 ille
778 567 919 623 moratus
1194 573 1245 625 ato

157 643 189 707 in
207 665 315 708 veram
332 643 423 708 rediit
441 643 579 728 speciem
597 644 788 727 solitumque
805 643 947 709 nitorem.

157 740 191 792 at
207 728 313 813 virgo,
331 730 476 812 quamvis
492 729 622 815 inopino
638 731 748 795 territa
764 730 845 806 visu,

157 814 241 879 victa
257 813 358 879 nitore
375 814 427 880 dei
442 815 547 901 posita
563 815 629 880 vim
644 837 740 900 passa
756 815 884 897 querela
901 823 958 879 est.

156 899 270 964 invidit
287 896 393 984 Clytie
409 898 528 983 (neque
545 900 630 965 enim
646 901 827 967 moderatus
843 899 876 964 in
893 900 948 964 illa

158 983 243 1051 Solis
260 1006 349 1049 amor
365 985 484 1070 fuerat)
500 986 724 1070 stimulataque
740 985 870 1070 paelicis
887 986 936 1050 ira

157 1072 269 1155 vulgat
286 1069 490 1148 adulterium,
508 1070 770 1153 diffamatumque
787 1069 910 1156 parenti
1020 1107 1022 1112 ·

157 1155 285 1221 indicat.
328 1154 381 1220 ille
398 1155 489 1221 ferox
515 1154 798 1239 inmansuetusque
814 1164 997 1241 precantem

158 1241 402 1324 tendentemque
418 1263 531 1305 manus
548 1241 590 1306 ad
606 1240 727 1306 lumina
745 1240 828 1307 Solis
846 1250 879 1307 et
896 1240 974 1306 “ille
1043 1302 1047 1311 .

158 1325 223 1390 vim
240 1325 312 1390 tulit
327 1325 469 1391 invitae'’
488 1326 644 1392 dicentem
662 1326 782 1392 defodit
799 1327 863 1391 alta

159 1411 275 1476 crudus
292 1409 406 1489 humo,
424 1412 644 1495 tumulumque
662 1434 758 1497 super
774 1412 881 1498 gravis
899 1410 987 1475 addit
1003 1410 1150 1475 harenae.
1195 1428 1245 1477 240

159 1496 290 1581 dissipat
307 1495 392 1562 hunc
409 1496 505 1560 radiis
522 1496 707 1583 Hyperione
724 1509 817 1562 natus
834 1497 957 1580 iterque

159 1581 215 1646 dat
230 1581 302 1658 tibi,
319 1601 384 1665 quo
399 1582 502 1666 possis
519 1581 661 1648 defossos
678 1604 824 1669 promere
841 1585 961 1647 vultus:

159 1687 218 1732 nec
234 1677 269 1731 tu
286 1666 350 1730 iam
367 1677 493 1751 poteras
510 1678 657 1733 enectum
673 1669 814 1754 pondere
830 1678 932 1734 terrae

159 1752 282 1829 tollere,
299 1752 455 1836 nympha,
473 1763 582 1838 caput,
600 1774 779 1837 corpusque
796 1775 942 1838 exangue
959 1752 1096 1818 iacebas.

159 1838 204 1902 nil
220 1836 275 1902 illo
291 1836 391 1902 fertur
408 1836 571 1902 volucrum
587 1839 767 1903 moderator
782 1860 937 1922 equorum
1196 1855 1245 1905 245

158 1933 231 2024 post
247 1921 484 1987 Phaethonteos
500 1923 618 1989 vidisse
635 1924 793 1988 dolentius
809 1925 910 2010 ignes.

158 2008 212 2074 rlle
229 2007 359 2092 quidem
375 2007 497 2094 gelidos
514 2008 674 2073 radiorum
692 2008 821 2084 viribus,
831 2019 927 2082 artus,

159 2092 187 2158 si
203 2105 313 2176 queat,
330 2093 363 2156 in
380 2092 489 2157 vivum
506 2104 640 2178 temptat
655 2115 806 2165 revocare
823 2094 973 2160 calorem:

160 2178 217 2244 sed
234 2177 383 2263 quoniam
400 2178 495 2243 tantis
511 2178 613 2243 fatum
631 2179 795 2245 conatibus
813 2179 927 2257 obstat,

160 2275 286 2330 nectare
304 2264 434 2329 odorato
451 2265 563 2350 sparsit
581 2286 758 2350 corpusque
775 2266 953 2349 locumque,
1196 2286 1246 2336 250

159 2350 322 2432 multaque
339 2361 545 2435 praequestus
565 2356 701 2435 “tanges
719 2362 825 2418 tamen
843 2350 994 2417 aethera''
1012 2350 1101 2415 dixit

160 2433 303 2521 protinus
319 2434 476 2499 imbutum
495 2436 622 2501 caelesti
638 2448 766 2503 nectare
784 2460 898 2523 corpus

161 2521 283 2585 dilicuit
304 2530 484 2603 terramque
500 2541 559 2585 suo
575 2522 744 2587 madefecit
761 2523 867 2599 odore,

159 2609 312 2690 virgaque
328 2626 386 2689 per
401 2605 532 2690 glaebas
549 2606 665 2671 sensim
682 2607 842 2673 radicibus
859 2609 937 2674 actis

159 2704 250 2756 turea
266 2690 401 2754 surrexit
417 2692 637 2775 tumulumque
654 2694 817 2759 cacumine
834 2716 871 2758 ru
895 2694 928 2758 it.
1196 2715 1245 2763 255

202 2777 250 2840 At
268 2772 410 2860 Clytien,
428 2777 571 2858 quamvis
588 2798 677 2842 amor
694 2799 845 2844 excusare
863 2717 1005 2844 dblorem
1136 2794 1246 2865 (olyra.)

159 2860 373 2943 indiciumque
390 2861 479 2926 dolor
493 2871 631 2947 poterat,
647 2884 713 2927 non
730 2886 781 2928 am
804 2864 865 2929 lius
883 2875 993 2929 auctor

160 2945 239 3011 lucis
257 2946 323 3010 adit
338 2945 537 3031 Venerisque
554 2948 684 3012 modum
701 2948 763 3013 sihi
779 2887 854 3014 lecit
871 2950 905 3013 in
922 2949 986 3014 illa.

160 3029 261 3096 tabuit
279 3053 320 3102 ex
335 3030 390 3097 illo
407 3032 569 3097 dementer
585 3032 746 3098 amoribus
762 3056 831 3110 usa,

159 3115 371 3201 nympharum
388 3116 565 3201 impatiens,
572 3129 603 3182 et
620 3118 680 3182 sub
697 3119 776 3184 Iove
791 3130 884 3184 noete
903 3118 1017 3203 dieque
1196 3141 1246 3191 260

160 3201 242 3267 sedit
258 3201 356 3266 humo
371 3203 459 3266 nuda
475 3202 568 3267 nudis
585 3202 745 3289 incompta
762 3205 892 3289 capillis.

160 3308 412 3373 perqueqnovem
427 3288 515 3352 luces
533 3310 646 3373 expers
663 3290 831 3373 undaeque
849 3290 974 3373 cibique

159 3393 230 3437 rore
246 3393 334 3437 mero
351 3371 551 3456 lacrimisque
568 3373 633 3438 suis
649 3373 768 3440 ieiunia
784 3375 882 3461 pavit,

159 3478 220 3522 nec
236 3478 270 3521 se
287 3456 510 3528 movithumo.
554 3469 677 3523 tantum
695 3460 859 3545 spectabat
875 3461 978 3526 euntis

160 3563 217 3606 ora
233 3542 299 3619 dei,
316 3542 485 3626 vultusque
502 3565 576 3609 suos
593 3544 740 3610 flectebat
756 3545 798 3610 ad
814 3546 914 3611 illum.
1195 3569 1245 3619 265

158 3626 303 3691 membra
318 3627 425 3693 fenmt
440 3628 580 3695 haesisse
597 3630 679 3707 sole,
697 3641 883 3715 partemque
900 3632 1013 3697 coloris

159 3709 281 3778 luridus
300 3735 461 3797 exangues
478 3714 579 3799 pallor
595 3716 750 3780 convertit
765 3716 799 3780 in
816 3715 944 3782 herbas:

162 3795 259 3862 estin
276 3810 365 3882 parte
382 3797 489 3875 rubor,
506 3798 671 3883 violaeque
688 3800 864 3866 simillimus
881 3823 938 3867 ora

162 3881 221 3945 flos
238 3882 326 3967 tegit.
368 3880 423 3947 illa
439 3904 547 3959 snum,
564 3885 709 3969 quamvis
726 3886 833 3951 radice
849 3897 983 3966 tenetur,

162 3964 294 4032 vertitur
311 3967 351 4031 ad
370 3966 478 4034 Solem
496 3980 679 4052 mutataque
695 3981 800 4036 servat
817 3974 977 4039 amorem.'
1195 3994 1246 4044 aro

204 4049 354 4130 Dixerat,
372 4064 402 4118 et
419 4054 540 4119 factum
555 4054 699 4122 mirabile
716 4068 842 4145 ceperat
859 4080 961 4125 aures.
1093 4074 1244 4145 Minyada.
