2800 4500
269 245 331 314 116
434 286 469 293 ··
588 259 633 316 ·Ῥ.
653 257 778 318 OVIDII
795 257 958 318 NASONIS
1003 288 1006 291 ·

267 384 347 449 vidit
365 391 397 449 et
413 381 567 448 immitem
585 381 753 470 Cephisias
771 405 827 448 ora
842 382 1046 462 Procrusten,

189 533 191 538 ,
269 467 442 554 Cercyonis
460 468 558 534 letum
576 469 655 534 vidit
673 467 815 535 Cerealis
833 467 976 535 Eleusin.

199 575 250 623 440
268 555 383 620 occidit
398 554 452 620 ille
470 552 571 632 Sinis,
589 554 714 641 magnis
731 555 814 620 male
831 553 950 620 viribus
968 578 1056 634 usus,

268 639 323 723 qui
340 649 465 726 poterat
482 661 614 705 curvare
631 640 737 705 trabes
755 651 787 705 et
803 638 920 724 agebat
937 640 978 705 ab
997 640 1060 706 alto

268 725 310 789 ad
327 736 442 791 terram
459 725 523 791 late
540 747 704 812 sparsuras
722 746 855 810 corpora
872 724 975 810 pinus.

266 820 354 876 tutus
371 810 413 875 ad
429 809 623 888 Alcatho'e‘n,
641 809 796 896 Lelegeia
814 810 953 887 moenia,
970 810 1060 876 limes

267 895 440 983 composito
459 893 591 962 Scirone
607 906 710 982 patet,
727 894 907 981 sparsisque
923 895 1052 961 latronis

199 1002 249 1050 445
267 990 351 1046 terra
368 991 465 1067 negat
482 981 604 1059 sedem,
621 981 730 1046 sedem
747 992 842 1066 negat
861 980 984 1047 ossibus
1002 982 1102 1061 unda3

266 1088 349 1151 quae
365 1066 481 1131 iactata
498 1065 553 1130 diu
570 1066 671 1132 fertur
688 1066 819 1130 durasse
836 1077 976 1132 vetustas

265 1151 300 1216 in
318 1173 372 1216 sco
395 1151 479 1216 ulosr
498 1151 635 1237 scopulis
653 1173 771 1217 nomen
788 1148 929 1217 Scironis
945 1151 1097 1219 inhaeret.

176 1279 193 1315 4
267 1237 294 1301 si
311 1174 419 1302 titulis
436 1257 599 1321 annosque
616 1247 688 1302 tuos
705 1258 873 1311 numerare
889 1237 1034 1315 velimus,

190 1380 192 1385 .
265 1320 352 1387 facta
368 1334 640 1409 premantannos.
683 1343 741 1408 pro
759 1332 805 1398 te,
823 1321 1009 1402 fortissime,
1027 1334 1101 1389 vota

197 1427 249 1477 450
265 1406 394 1493 publica
410 1406 613 1493 suscipimus,
630 1406 752 1473 Bacchi
770 1406 828 1471 tibi
845 1408 999 1473 sumimus
1016 1408 1169 1483 haustus?

266 1503 419 1557 consonat
435 1514 566 1557 assensu
583 1493 694 1578 populi
711 1491 922 1578 precibusque
939 1493 1102 1559 faventum

265 1577 369 1664 regia,
386 1599 446 1642 nec
463 1587 530 1642 tota
547 1577 644 1643 tristis
660 1578 751 1643 locus
768 1578 852 1642 ullus
869 1577 904 1642 in
920 1579 1000 1644 urbe
1017 1591 1075 1646 est.

308 1663 340 1727 N
341 1683 378 1729 ec
394 1673 500 1728 tamen
518 1660 634 1746 (usque
651 1663 731 1729 adeo
743 1663 832 1728 nulla
846 1673 894 1729 est
911 1663 1032 1730 sincera
1049 1666 1207 1753 voluptas,
1234 1665 1291 1728 Mt·

266 1747 497 1832 sollicitumque
514 1748 634 1832 aliquid
650 1747 741 1815 laetis
757 1748 941 1835 intervenit)
957 1751 1090 1837 Aegeus
1231 1751 1289 1788 Μ’·

197 1852 248 1901 455
289 1833 384 1898 audia
400 1831 542 1920 percepit
558 1845 634 1899 nato
652 1853 764 1900 secura
780 1845 918 1920 recepto.

265 1855 349 1984 holla
366 1930 458 2005 parat
474 1918 592 1984 Minos.
636 1919 691 2004 qui
708 1940 902 2070 quamquam
919 1919 1033 1998 milite,
1050 1943 1244 2008 quamquam

266 2004 366 2070 classe
384 2005 483 2081 valet,
501 2004 604 2091 patria
620 2014 728 2070 tamen
745 2015 794 2071 est
833 2005 1007 2071 rmissimus
1025 2007 1073 2072 ira

266 2089 495 2175 Androgeique
512 2112 624 2156 necem
640 2090 732 2156 iustis
749 2090 911 2156 ulciscitur
928 2091 1033 2158 armis.
1071 2176 1072 2179 Ἴ

266 2186 339 2240 ante
356 2186 462 2240 tamen
480 2175 564 2241 bello
581 2176 663 2240 vires
681 2175 819 2259 adquirit
836 2177 964 2255 amicas,

196 2280 248 2330 seo
265 2282 392 2346 quaque
409 2272 521 2348 potens
538 2261 679 2337 habitus,
697 2262 818 2327 volucri
834 2263 916 2329 freta
934 2264 1033 2330 classe
1051 2278 1201 2351 pererrat.

266 2345 340 2412 hino
356 2345 518 2433 Anaphen
535 2346 596 2411 sibi
612 2347 717 2432 iungit
734 2358 766 2414 et
781 2348 971 2434 Astypaleia
987 2372 1096 2436 regna,

288 2431 427 2496 somissis
444 2431 618 2517 Anaphen,
635 2454 735 2517 regna
751 2432 940 2518 Astypaleia
956 2433 1054 2501 bello:

265 2453 340 2580 hinc
357 2516 508 2583 humilem
526 2517 702 2601 Myconum
720 2528 905 2602 cretosaque
921 2541 996 2584 rura
1014 2516 1131 2588 Cimoli

264 2601 492 2685 florentemque
520 2602 631 2685 thymo
648 2598 812 2687 Cythnum
828 2624 1020 2688 parvamque
1039 2603 1197 2693 Seriphon

196 2706 247 2753 465
265 2708 537 2771 marmoreamque
553 2685 675 2765 Paron,
693 2708 855 2772 quamque
870 2689 969 2774 impia
985 2692 1124 2776 prodidit
1140 2695 1229 2760 Arne

266 2770 419 2856 Siphnon:
428 2784 461 2837 et
477 2788 607 2858 accepto
612 2819 622 2850 ,
639 2773 726 2857 quod
744 2794 840 2838 avara
856 2789 1057 2860 poposcerat,
1075 2801 1153 2844 auro

265 2869 386 2922 mutata
403 2857 500 2923 estin
518 2880 621 2935 avem,
639 2878 721 2942 quae
738 2879 823 2923 nunc
840 2880 967 2943 quoque
984 2860 1087 2948 diligit
1103 2886 1226 2943 aurum,

263 2942 356 3027 nigra
373 2943 485 3029 pedes,
502 2943 602 3029 nigris
619 2944 724 3009 velata
740 2945 910 3009 monedula
926 2945 1048 3031 pennis.

265 3039 298 3092 at
314 3050 378 3093 non
397 3025 523 3110 Oliaros
544 3028 769 3114 Didymaeque
786 3041 818 3095 et
834 3029 940 3096 Tenos
960 3041 993 3095 44
1008 3031 1139 3098 Andros

194 3132 246 3180 tro
263 3125 295 3178 et
313 3111 441 3199 Gyaros
459 3114 641 3198 nitidaeque
658 3114 749 3180 ferax
765 3114 961 3202 Peparethos
981 3115 1084 3184 olivae

264 3196 441 3265 Gnosiacas
458 3199 566 3265 iuvere
582 3214 676 3266 rates.
720 3201 817 3266 latere
833 3200 908 3267 inde
924 3200 1051 3266 sinistro

264 3282 445 3370 Oenopiam
462 3285 570 3350 Minos
588 3285 681 3370 petit,
699 3285 873 3350 Aeacideia
889 3308 1001 3373 regna:

263 3367 443 3455 Oenopiam
461 3381 583 3436 veteres
602 3371 815 3456 appellavere,
833 3371 889 3435 sed
906 3371 975 3456 ipse

261 3455 391 3520 Aeacus
408 3455 569 3540 Aeginam
587 3455 755 3541 genetricis
773 3455 901 3521 nomine
918 3456 1007 3523 dixit.

194 3557 244 3606 475
263 3540 357 3604 turba
372 3540 436 3605 ruit
452 3551 622 3625 tantaeque
639 3540 743 3605 virum
760 3542 1072 3627 cognoscere‘famae

263 3624 391 3708 expetit.
435 3636 604 3691 occurrunt
620 3626 667 3690 illi
682 3625 914 3709 Telamonque,
932 3628 1097 3712 minorque

262 3729 358 3791 quam
375 3709 530 3776 Telamon
546 3710 679 3788 Peleus,
697 3720 729 3776 et
745 3711 850 3797 proles
868 3711 960 3778 tertia
976 3713 1116 3780 Phocus.

261 3793 330 3941 ipse
346 3814 473 3879 quoque
491 3796 652 3881 egreditur
668 3795 777 3861 tardus
793 3797 949 3883 gravitate
967 3798 1058 3864 senili

296 3898 391 3943 eacus
409 3890 450 3958 et,
468 3901 550 3963 quae
568 3881 609 3946 sit
625 3881 773 3947 veniendi
790 3904 902 3960 causa,
920 3883 1061 3967 requirit.

193 3982 245 4032 480
262 3961 441 4029 admonitus
458 3966 552 4051 patrii
567 3967 672 4032 luctus
690 3966 841 4053 suspirat,
859 3978 891 4034 et
906 3967 952 4033 illi

263 4046 348 4112 dicta
363 4047 461 4114 refert
476 4061 579 4116 rector
595 4051 786 4138 populorum
803 4053 879 4119 talia
895 4065 1036 4130 centumz
1096 4121 1098 4126 ,
1117 4121 1119 4126 ,
