2800 4500
248 248 313 327 228
582 264 617 326 r.
636 262 761 327 ovmrr
777 260 941 326 61660606

248 391 422 461 auxilium?
438 414 535 478 quem
552 391 637 459 dicta
654 413 713 458 suo
730 391 770 458 ds
787 390 914 457 nomine
932 389 1025 457 tellus

248 480 378 545 Andros
395 479 492 546 habet
508 500 566 566 pro
584 489 675 565 patre
691 477 861 560 locumque
879 488 911 543 et
927 499 1027 562 regna
1044 486 1213 542 tenentem.

249 564 363 631 Delius
381 564 550 652 augurium
568 563 655 630 dedit
671 563 755 629 huic.
799 562 886 628 dedit
903 563 1002 628 altera
1018 560 1119 627 Liber

182 673 232 723 050
249 650 405 717 femineae
420 649 512 737 stirpi
528 661 602 717 voto
619 648 741 714 maiora
756 649 883 733 fideque

249 758 389 802 munera.
432 759 507 801 nam
524 746 611 801 tactu
628 745 775 800 natarum
792 742 907 800 cuncta
923 755 1065 799 mearum

248 822 282 887 in
299 832 439 908 segetem
456 821 645 905 laticemque
662 819 742 885 meri
767 840 930 904 canaeque
952 819 1119 886 Minervae

249 906 565 984 transformabuntur,
583 906 735 990 divesque
753 916 821 971 erat
836 926 914 969 usus
930 903 964 969 in
981 903 1054 970 illis.

249 992 309 1059 hoc
326 991 383 1058 ubi
401 992 549 1079 cognovit
565 990 681 1057 Troiae
698 990 867 1077 populator
883 989 1025 1068 Atrides,

181 1099 231 1149 650
249 1101 290 1144 ne
307 1098 371 1143 non
388 1100 429 1144 ex
445 1077 553 1162 aliqua
570 1088 709 1143 vestram
726 1075 861 1141 sensisse
878 1074 1049 1162 procellam

248 1185 307 1229 nos
318 1184 453 1250 quoque
470 1174 560 1264 parte
577 1172 685 1248 putes,
702 1183 862 1226 armorum
879 1160 999 1226 viribus
1016 1183 1093 1226 usus

250 1247 405 1315 abstrahit
420 1248 536 1313 invrtas
552 1248 674 1334 gremio
690 1245 858 1333 genitoris,
874 1246 1034 1330 alantque,

249 1335 396 1420 imperat,
412 1333 599 1421 Argolicam
616 1332 742 1398 caelesti
758 1353 889 1397 munere
906 1332 1050 1396 classem.

249 1419 408 1506 effugiunt
423 1440 487 1503 quc
504 1439 650 1503 quaeque
667 1428 786 1505 potest:
803 1416 939 1482 Euboea
955 1416 1090 1493 duabus,

182 1525 232 1575 660
251 1515 281 1571 et
298 1505 430 1570 totidem
446 1503 535 1570 natis
546 1503 676 1568 Andros
692 1502 832 1568 fraterna
848 1501 947 1588 petita
962 1513 1021 1567 est.

250 1589 340 1656 miles
358 1589 449 1655 adest
465 1600 513 1666 et,
529 1589 563 1654 ni
580 1587 746 1665 dedantur,
763 1588 848 1653 bella
864 1587 1012 1653 minatur.

250 1676 336 1741 victa
352 1685 439 1740 metu
455 1674 558 1760 pietas
575 1672 734 1739 consortia
748 1693 882 1757 corpora
894 1694 1017 1758 poenae
1104 1673 1107 1677 ’

250 1759 380 1827 dedidit.
423 1770 456 1827 et
472 1759 582 1825 timido
599 1758 702 1845 possis
719 1758 728 1822 i
776 1779 883 1824 oscere
899 1757 1003 1823 fratris

187 1892 189 1897 -
249 1868 315 1912 aon
330 1845 383 1911 hic
399 1846 543 1923 Aeneas,
560 1866 639 1921 non,
656 1843 713 1928 qui
751 1842 913 1909 efenderet
929 1843 1074 1924 Andron,

182 1951 233 2001 666
251 1933 374 1997 Hector
390 1941 472 2009 erat,
489 1953 547 2015 per
556 1952 653 2014 quem
660 1928 820 1995 decimum
837 1928 973 1994 durastis
990 1929 1024 1995 in
1041 1953 1169 1997 annum.

250 2016 377 2101 iamque
394 2016 588 2102 parabantur
604 2013 739 2102 captivis
755 2014 861 2080 vincla
876 2014 1016 2081 lacertis:

249 2102 323 2168 illas
340 2101 486 2168 tollentes
503 2101 682 2167 etiamnunc
693 2100 794 2166 libera
810 2100 898 2166 eaelo
1193 2166 1194 2169 ,

250 2186 400 2253 bracchia
416 2186 569 2254 “Bacche
586 2199 687 2274 pater,
704 2186 754 2253 fer
770 2185 903 2274 opeml''
921 2185 1039 2252 dixere.
1082 2184 1217 2272 tulitque

250 2273 391 2339 muneris
408 2284 519 2339 auctor
534 2295 643 2359 opem:
655 2272 689 2338 si
706 2272 786 2337 miro
803 2272 935 2358 perdere
952 2294 1039 2338 more
1145 2289 1147 2292 ’

183 2378 234 2427 610
251 2360 333 2425 ferre
351 2370 482 2424 vocatur
499 2380 603 2444 opem.
645 2379 706 2423 nec
723 2379 788 2442 qua
803 2355 925 2422 ratione
942 2358 1078 2443 figuram

250 2443 458 2530 perdiderint,
475 2442 566 2528 potui
581 2443 662 2512 scire
680 2453 736 2507 aut
752 2464 837 2507 nunc
855 2441 958 2509 dicere
974 2464 1119 2529 possum3

252 2552 376 2594 summa
393 2529 468 2593 mali
484 2538 560 2593 nota
577 2538 638 2594 est:
656 2550 778 2628 pennas
796 2550 958 2613 sumpsere
975 2539 1112 2612 tuaeque

251 2613 395 2714 coniugis
411 2613 445 2678 in
461 2615 747 2692 volucres,n1veas
765 2612 871 2678 abiere
889 2612 1073 2678 columbas!
1188 2671 1195 2688 ,

293 2699 426 2764 Tabbus
443 2710 539 2783 atque
555 2698 626 2763 aliis
642 2708 812 2784 postquam
828 2698 974 2763 convivia
991 2698 1083 2765 dictis
1162 2715 1274 2771 Aeaeos.

183 2804 233 2853 ott
250 2785 437 2871 implerunt,
453 2806 564 2850 mensa
581 2806 727 2849 somnum
744 2783 863 2870 petiere
879 2795 1010 2849 remota

251 2891 387 2955 eumque
405 2870 456 2937 die
474 2879 609 2956 surgunt
626 2870 806 2953 adeuntque
824 2870 951 2935 oracula
967 2869 1107 2936 Phoebi:

250 2956 307 3040 qui
323 2966 432 3043 petere
448 2954 611 3040 antiquam
627 2965 763 3021 matrem
780 2965 978 3041 cognataque
995 2953 1087 3020 iussit

250 3041 353 3107 litora.
395 3040 598 3126 prosequitur
614 3063 671 3106 rex
687 3050 721 3107 et
737 3041 793 3105 dat
809 3063 925 3105 munus
942 3039 1043 3116 ituris,

250 3125 412 3192 Anchisae
430 3138 605 3212 sceptrum,
623 3125 822 3211 chlamydem
838 3125 1081 3210 pharetramque
1098 3124 1217 3211 nepoti,

183 3230 234 3280 680
252 3223 407 3278 crateram
422 3211 570 3290 Aeneae,
587 3234 684 3295 quam
702 3211 864 3295 quondam
879 3210 1009 3276 miserat
1025 3210 1071 3276 illi

251 3296 366 3383 hospes
383 3296 425 3361 ab
441 3296 556 3362 Aoniis
573 3295 712 3363 Therses
729 3295 886 3361 ismenius
903 3295 976 3360 oris.

251 3383 380 3448 miserat
396 3382 479 3447 hanc
495 3381 542 3446 illi
558 3381 712 3459 Therses,
730 3379 940 3447 fabricaverat
956 3382 1061 3448 Alcon

254 3468 382 3552 Hyleus
400 3478 431 3533 et
448 3467 545 3553 longo
562 3467 741 3533 caelaverat
757 3478 955 3553 argumento.

251 3553 329 3618 urbs
347 3563 429 3630 erat,
447 3563 479 3619 et
496 3563 618 3640 septem
633 3574 744 3639 posses
762 3551 927 3617 ostendere
967 3563 1066 3618 ortas:

183 3658 234 3708 666
251 3638 312 3704 hae
330 3659 388 3724 pro
405 3637 533 3704 nomine
551 3647 641 3703 erant
658 3648 705 3715 et,
722 3659 804 3721 quae
820 3636 929 3704 foret‘
954 3662 988 3714 a,
1005 3638 1171 3704 docebant.

251 3735 325 3789 ante
342 3723 455 3789 urbem
473 3722 626 3808 exequiae
643 3722 820 3807 tumulique
836 3721 991 3809 ignesque
1007 3724 1141 3810 rogique

251 3808 437 3893 effusaeque
455 3830 562 3874 eomas
579 3818 611 3874 et
628 3818 756 3894 apertae
772 3818 901 3894 pectora
917 3820 1034 3875 matres

252 3892 432 3979 significant
448 3893 584 3972 luctum3
600 3892 761 3981 nymphae
778 3914 906 3978 quoque
923 3895 998 3960 llere
1016 3892 1164 3962 videntur

192 4047 200 4060 ,ι
253 3977 448 4061 siccatosque
466 3978 555 4061 queri
572 3978 692 4056 fontes3
710 3976 778 4045 sine
795 3978 960 4044 frondibus
978 3979 1072 4046 arbor

183 4060 236 4128 ’660
253 4060 340 4125 unda
356 4061 454 4147 riget3
471 4063 587 4129 rodunt
604 4062 725 4130 arentia
742 4087 820 4131 saxa
836 4064 986 4161 capellae.
1032 4131 1033 4136 ,
1154 4129 1157 4134 .
1275 4147 1284 4157 ι
