2800 4500
304 263 672 333 METAMORPHOSEON
688 265 762 322 LIB.
780 265 831 322 IX.
850 265 995 324 aar-538„
1098 251 1159 320 157

139 391 217 477 quid
233 390 310 458 mihi
327 389 507 478 significant
523 412 600 477 ergo
618 407 689 456 mea
706 388 793 454 visa?
818 389 905 474 quod
921 399 1029 457 autem
1177 409 1227 459 495

140 478 264 544 somnia
279 478 403 565 pondus
421 477 558 549 habeut?
584 500 625 541 an
642 475 761 540 habent
778 485 810 540 et
827 475 950 541 somnia
965 476 1110 562 pondus?
1222 518 1226 557 ;

140 563 174 627 di
190 562 317 629 meliusl
334 599 378 610 —
394 563 427 627 di
443 585 558 662 nempe
576 584 649 626 suas
666 560 807 626 habuere
825 560 960 627 sorores!
1010 600 1015 615 ι

140 649 186 713 sic
204 648 362 715 Saturnus
380 646 502 734 Opem,
519 657 660 713 runctam
678 646 738 711 sibi
755 648 924 732 sanguine,
943 647 1048 713 duxit:

141 731 292 799 Oceanus
309 733 448 819 Tethyn,
465 733 621 799 Iunonem
637 743 742 798 rector
759 729 901 818 Olympi.

140 829 214 884 suut
231 818 354 905 superis
371 841 430 884 sua
446 818 525 884 iura.
568 816 645 902 quid
664 817 705 883 ad
722 818 871 883 caelestia
887 818 966 884 ritus
1045 888 1048 895 ,

140 903 267 991 exigere
284 904 440 970 humanos
458 904 645 987 diversaque
662 902 793 968 foedera
809 905 948 988 tempto?

140 1000 196 1054 aut
211 1001 320 1056 nostro
336 988 453 1056 vetitus
470 989 510 1054 de
528 988 622 1054 corde
639 987 804 1075 fugabitur
821 990 924 1066 ardor,

140 1085 196 1139 aut
211 1075 274 1140 hoc
290 1074 318 1140 si
334 1095 469 1159 nequeo,
486 1096 616 1161 peream
632 1093 745 1160 precor
761 1084 834 1140 ante
851 1085 983 1158 toroque

139 1170 265 1225 mortua
280 1182 351 1226 com
376 1182 466 1238 onar,
480 1160 665 1245 positaeque
681 1159 736 1224 det
752 1161 860 1241 oscula
876 1159 984 1225 frater.
1065 1228 1067 1233 s
1151 1232 1154 1239 ¹

140 1256 172 1310 et
188 1257 296 1311 tamen
305 1183 476 1321 ¹arbitrium
495 1244 618 1329 quaerit
634 1265 686 1312 res
702 1244 764 1309 ieta
781 1245 926 1310 duorum.

136 1331 226 1417 ,finge
242 1331 367 1417 placere
385 1330 475 1396 mibi:
493 1331 597 1396 scelus
614 1352 683 1396 esse
701 1329 860 1395 videbitur
876 1328 935 1395 illit

140 1427 173 1480 at
189 1437 254 1481 non
271 1415 427 1482 Aeolidae
445 1415 600 1481 thalamos
617 1416 752 1482 timuere
769 1437 922 1482 sororum.

139 1500 225 1568 unde
242 1502 302 1571 sed
316 1501 374 1566 hos
391 1501 485 1566 novi?
503 1523 559 1567 cur
575 1500 655 1567 haec
672 1502 819 1586 exempla
835 1500 964 1586 paravi?

140 1607 204 1671 quo
221 1586 324 1652 feror?
343 1585 500 1664 obscenae
517 1587 626 1673 procul
643 1586 719 1652 hinc
735 1586 887 1652 discedite
903 1588 1059 1665 flammae,

139 1694 213 1748 nec,
230 1672 292 1737 nisi
308 1693 374 1756 qua
389 1672 439 1738 fas
456 1682 505 1739 est
521 1694 706 1759 germanae,
722 1672 822 1739 frater
838 1684 970 1739 ametur.

140 1758 168 1822 si
185 1768 291 1829 tamen
307 1757 376 1858 ipse
393 1779 465 1823 meo
482 1767 594 1843 captus
611 1757 697 1842 prior
715 1767 798 1824 esset
815 1780 932 1837 amore,

139 1842 273 1908 forsitan
288 1842 374 1908 ilhus
390 1865 518 1930 possem
533 1841 699 1928 indulgere
716 1841 826 1909 furori.

140 1949 216 2014 ergo
234 1949 406 2014 ego,;quae
421 1929 546 1993 fueram
561 1948 625 1993 non
642 1927 799 1994 reiectura
814 1939 985 2013 petentem,

138 2013 209 2100 ipsa
224 2013 351 2099 petam?
375 2013 534 2098 poterisne
549 2011 657 2097 loqui?
674 2011 834 2098 poterisne
850 2013 964 2079 fateri?

140 2110 233 2185 coget
251 2120 353 2164 amor=
368 2108 491 2184 potero.
534 2097 600 2173 vel,
617 2097 644 2163 si
661 2098 765 2183 pudor
781 2120 838 2164 ora
854 2098 983 2178 tenebit,

139 2184 244 2251 littera
261 2184 378 2251 celatos
396 2205 511 2250 arcana
527 2182 680 2248 fatebitur
695 2182 807 2270 ignes?

139 2270 200 2335 hoc
217 2270 335 2355 placet,
353 2269 433 2335 haec
449 2268 580 2334 dubiam
597 2268 674 2335 vicit
690 2270 847 2337 sententia
863 2281 1012 2336 mentem.

138 2355 172 2420 in
189 2357 272 2421 latus
289 2354 431 2440 erigitur,
449 2354 619 2438 cubitoque
635 2354 746 2421 innixa
762 2355 888 2422 sinistro

140 2440 281 2526 ‘videritz
299 2439 440 2512 insanos’
458 2440 561 2526 inquit
578 2440 750 2507 ‘fateamur
766 2463 899 2508 amores.

139 2526 169 2592 ei
185 2525 276 2591 mihil
295 2547 358 2611 quo
375 2526 483 2591 labor?
499 2547 596 2610 quem
612 2549 702 2593 mens
719 2550 792 2593 mea
809 2526 946 2628 concipit
961 2526 1102 2614 igneml’

139 2624 171 2677 et
188 2612 340 2678 meditata
356 2634 454 2676 manu
470 2612 631 2698 componit
647 2612 747 2678 verba
762 2624 918 2679 trementr.

139 2698 250 2763 dextra
266 2707 353 2763 tenet
369 2696 504 2774 ferrum,
521 2719 656 2762 vacuam
674 2708 761 2764 tenet
778 2698 877 2764 altera
893 2721 1009 2764 ceram.

138 2782 263 2868 incipit,
281 2792 312 2850 et
330 2782 467 2848 dubitat:
486 2781 603 2859 scribit,
622 2782 814 2867 damnatque
830 2784 978 2850 tabellas:

139 2879 172 2933 et
187 2878 290 2944 notat,
308 2878 340 2933 et
357 2868 455 2933 delet:
472 2877 576 2932 mutat
592 2867 762 2953 culpatque
779 2869 970 2954 probatquet

137 2953 235 3038 inque
250 2954 352 3019 vicem
371 2963 514 3038 sumptas
530 2951 621 3038 ponit
627 2952 819 3101 positasque
836 2954 978 3020 resumit.

138 3040 216 3123 quid
232 3038 322 3116 velit,
339 3038 480 3125 ignorat3
497 3036 627 3123 quicqui
666 3038 791 3103 factura
807 3038 943 3118 videtur,

138 3123 297 3225 displicet:
314 3123 348 3194 in
365 3124 457 3189 vultu
473 3134 522 3189 est
538 3121 673 3188 audacia
690 3123 790 3188 mixta
806 3122 930 3209 pudori.

138 3232 199 3275 scrr
222 3221 255 3274 ta
272 3209 387 3278 ‘soror’
405 3210 523 3274 fuerat:
541 3207 646 3273 visum
663 3220 711 3273 est
728 3208 833 3275 delere
850 3230 990 3275 sororem

139 3233 301 3380 verbaque
318 3294 465 3361 correctis
482 3294 621 3358 incidere
638 3294 716 3358 talia
732 3294 826 3359 ceris:

138 3388 263 3464 ‘quam,
281 3378 341 3445 nisi
358 3392 394 3444 tu
412 3379 546 3457 dederis,
564 3400 629 3445 non
646 3390 694 3444 est
710 3378 858 3444 habitura
875 3379 1020 3458 salutem,
1154 3448 1156 3458 ,

138 3465 222 3530 hanc
238 3464 296 3529 tibi
313 3464 409 3530 mittit
427 3487 546 3532 amans.
589 3465 698 3550 pudet,
717 3463 751 3531 al
769 3464 869 3551 pudet
885 3466 979 3531 edere
996 3488 1122 3534 nomen.
1222 3539 1225 3548 ‚

138 3561 171 3615 et
187 3549 230 3627 si,
247 3549 324 3633 quid
341 3549 482 3635 cupiam,
501 3550 641 3635 quaeris,
660 3549 728 3616 sine
745 3549 873 3615 nomine
889 3552 1004 3616 vellem

137 3644 245 3722 posset
262 3634 316 3720 agi
331 3656 404 3710 mea
421 3655 517 3700 causa
534 3655 616 3712 meo,
634 3657 694 3701 nec
712 3636 840 3721 cognita
855 3634 970 3722 Byblis

138 3730 211 3785 ante
227 3719 344 3797 forem,
361 3741 458 3803 quam
475 3741 547 3805 spes
564 3729 711 3786 votorum
728 3731 814 3786 certa
830 3719 952 3788 fuisset.

137 3828 206 3872 esse
223 3804 353 3889 quidem
369 3804 447 3870 laesi
464 3815 586 3890 poterat
603 3804 661 3871 tibi
677 3805 813 3893 pectoris
829 3804 927 3873 index

22 3923 25 3927 ·
138 3902 169 3957 et
186 3893 272 3956 color
289 3902 321 3958 et
337 3890 455 3964 macies
473 3899 505 3955 et
521 3892 628 3955 vultus
646 3901 677 3956 et
694 3890 804 3956 umida
821 3913 917 3978 saepe

136 3976 272 4053 lumina,
289 3999 349 4042 nec
366 3998 463 4050 causa
479 3975 614 4062 suspiria
630 3988 718 4042 mota
734 3976 866 4062 patenti,

136 4072 168 4132 et
185 4061 288 4129 crebri
305 4063 484 4148 ampleaus,
501 4071 534 4127 et
550 4082 648 4147 quae,
665 4062 693 4127 si
711 4062 792 4129 forte
809 4061 934 4144 notasti,
