2800 4500
327 272 696 333 METAMORPHOSEON
712 272 786 332 LIB.
804 273 842 330 H.
861 273 1005 331 394-481.
1133 258 1175 327 29

46 402 48 406 ’
156 397 314 550 Iuppiterz
332 399 408 466 huic
424 400 498 465 odio
514 423 627 466 nemus
643 410 693 466 est
709 410 741 466 et
758 398 885 466 conscia
901 399 989 465 silva.

157 507 201 551 un
224 508 243 553 s
259 486 374 572 pedem
390 485 530 552 referens
547 508 648 572 paene
664 496 714 550 est
730 486 828 551 oblita
844 485 1024 572 pharetram

157 572 267 639 tollere
284 594 358 638 cum
374 571 445 637 telis
463 582 508 649 et,
526 592 622 655 quem
639 571 860 656 suspenderat,
878 593 997 636 arcum.
1193 590 1245 640 sto

157 680 232 725 ecce
249 678 308 724 suo
325 658 475 723 comitata
491 657 587 723 choro
603 655 768 742 Dictynna
783 679 841 743 per
857 657 958 722 altum

156 742 331 809 Maenalon
347 743 527 829 ingrediens
546 754 578 809 et
594 742 691 808 caede
708 742 846 828 superba
862 742 1002 808 ferarum

158 828 270 916 aspicit
285 828 368 895 hanc
385 829 548 912 visamque
566 839 668 893 vocat.
713 828 847 893 clamata
864 828 983 914 refugit

158 925 190 980 et
206 914 311 980 timuit
327 914 439 1001 primo,
457 936 497 980 ne
514 913 659 1000 Iuppiter
676 924 760 978 esset
774 913 808 978 in
825 913 889 978 illa.

158 999 214 1066 sed
230 1011 399 1102 postquam
416 1000 535 1086 pariter
550 998 708 1085 nymphas
724 998 871 1065 incedere
887 998 978 1075 vidit,

158 1095 256 1151 sensrt
272 1085 384 1152 abesse
402 1085 491 1151 dolos
507 1106 739 1169 numerumque
752 1085 889 1167 accessit
906 1085 947 1149 ad
964 1083 1087 1149 harum.

157 1170 221 1236 heu
239 1193 335 1257 quam
352 1170 481 1237 difficile
498 1181 555 1247 est,
572 1169 692 1237 crimen
709 1191 774 1236 non
790 1170 924 1257 prodere
941 1168 1045 1235 vultui

157 1257 212 1322 vix
229 1257 337 1323 oculos
354 1256 469 1322 attollit
484 1256 592 1334 humo,
609 1277 670 1322 nec
685 1267 722 1321 ut
739 1267 813 1322 ante
829 1256 951 1322 solebat

157 1342 266 1408 iuncta
282 1342 360 1408 deae
377 1341 469 1407 lateri
484 1363 544 1408 nec
561 1353 627 1407 toto
644 1352 693 1408 est
710 1341 836 1429 agmine
853 1341 970 1426 prima;

158 1428 215 1493 sed
233 1428 303 1493 silet
320 1438 352 1493 et
367 1427 445 1493 laesi
462 1427 518 1493 dat
534 1427 626 1514 signa
642 1427 759 1493 rubore
774 1427 920 1513 pudoris3

159 1524 204 1589 et,
221 1512 281 1579 nisi
298 1513 385 1597 quod
402 1513 492 1599 virgo
509 1524 571 1592 est,
588 1523 713 1599 poterat
728 1513 844 1579 sentire
861 1511 970 1578 Diana

157 1599 243 1665 mille
260 1599 342 1664 notis
360 1599 497 1683 culpam.
539 1598 700 1686 nymphae
717 1597 853 1665 sensisse
870 1598 1025 1664 feruntur.
1090 1602 1094 1609 ’

158 1684 235 1750 orbe
252 1684 460 1770 resurgebant
476 1684 600 1750 lunaria
617 1705 737 1751 cornua
752 1705 847 1762 none,

158 1792 232 1835 cum
250 1770 310 1835 dea
326 1780 457 1846 venatu,
474 1769 621 1836 fraternis
638 1770 790 1857 languida
807 1770 953 1847 flammis,

158 1867 252 1921 nacta
268 1878 380 1921 nemus
396 1855 552 1941 gelidum,
571 1856 610 1921 de
628 1877 692 1940 quo
710 1878 784 1922 cum
801 1877 963 1922 murmure
978 1855 1090 1922 labens

158 1941 226 2006 ibat
241 1953 274 2007 et
291 1941 413 2006 attritas
429 1941 577 2007 versabat
592 1940 680 2007 rivus
697 1940 843 2007 harenas.

158 2038 195 2091 ut
210 2026 282 2092 loca
297 2025 453 2103 laudavit,
470 2049 610 2092 summas
627 2026 709 2112 pede
727 2025 860 2112 contigit
875 2026 992 2093 undose

158 2112 208 2177 his
226 2133 353 2196 quoque
368 2112 505 2177 laudatis
524 2113 648 2198 ‘procul
666 2111 727 2178 est'
745 2112 790 2178 ait
806 2111 938 2177 ‘arbiter
955 2112 1072 2178 omnis:

157 2197 245 2264 nuda
262 2197 437 2299 superfusis
454 2197 636 2286 tinguamus
654 2196 960 2350 mmmmm?

157 2283 325 2350 Parrhasrs
343 2284 478 2350 erubuit
521 2295 654 2351 cunctae
671 2305 711 2350 ve
777 2283 785 2301 '
809 2308 830 2350 a
868 2294 981 2350 onunt:

158 2392 223 2435 una
239 2390 344 2435 moras
361 2370 494 2454 quaerit
538 2369 695 2435 dubitanti
712 2368 808 2437 vestis
867 2380 975 2456 empta
991 2381 1048 2448 est,

158 2476 223 2539 qua
238 2455 342 2540 posita
357 2455 445 2520 nudo
460 2456 564 2541 patuit
580 2478 654 2521 cum
671 2477 709 2522 co
748 2477 802 2522 cre
819 2454 948 2522 crimen.

159 2540 309 2607 attonitae
326 2541 536 2624 manibusque
552 2551 678 2607 uterum
695 2563 732 2608 ce
744 2564 798 2608 are
814 2541 932 2608 volenti

158 2628 184 2690 ‘i
201 2626 311 2712 procul
328 2625 421 2704 hinc,’
440 2627 519 2691 dixit
536 2633 610 2694 ‘nec
627 2649 734 2692 sacros
750 2628 857 2713 pollue
874 2626 991 2693 fontes’

159 2709 313 2799 Cynthia,
330 2712 434 2795 deque
451 2733 509 2777 suo
525 2712 618 2778 iussit
634 2713 782 2779 secedere
799 2724 902 2779 coetu.

202 2796 353 2864 Senserat
369 2796 430 2862 hoc
447 2797 521 2863 olim
538 2820 591 2863 ma
635 2798 646 2862 i
663 2809 808 2864 matrona
824 2797 978 2865 Tonantis

159 2882 385 2966 distuleratque
402 2905 516 2969 graves
533 2882 566 2948 in
583 2884 593 2948 i
617 2904 697 2949 onea
715 2895 858 2970 tempora
874 2905 1002 2970 poenas.

159 2989 256 3033 causa
272 2990 379 3033 morae
396 2968 483 3034 nulla
499 2978 562 3045 est,
580 2979 613 3034 et
627 2968 691 3034 iam
709 2991 789 3055 puer
804 2969 908 3034 Arcas
925 3005 968 3017 -
984 2969 1017 3034 id
1033 2970 1139 3056 ipsum

158 3053 293 3119 indoluit
306 3053 390 3117 Iuno
406 3089 450 3101 -
466 3052 570 3119 fuerat
578 3054 617 3118 de
625 3053 745 3138 paelice
763 3066 866 3119 natus.

158 3160 222 3223 quo
239 3137 333 3203 simul
350 3137 486 3204 obvertit
503 3161 631 3204 saevam
648 3160 722 3204 cum
738 3139 857 3205 lumine
874 3151 1023 3219 mentem,

159 3224 294 3290 ‘scilicet
310 3223 371 3288 hoc
387 3224 483 3289 etiam
500 3223 653 3301 restabat,
671 3224 834 3301 adultera,’
853 3225 932 3290 dixit

159 3315 208 3376 ‘ut
224 3310 362 3375 fecunda
378 3309 477 3387 fores,
494 3309 648 3394 fieretque
663 3309 780 3376 iniuria
795 3320 889 3396 partu

157 3406 246 3471 nota,
265 3394 415 3478 Iovisque
430 3395 494 3461 mei
511 3405 661 3460 testatum
678 3395 817 3460 dedecus
833 3405 925 3461 esset.

156 3480 243 3546 haud
260 3481 390 3565 impune
407 3479 499 3546 feres.
543 3480 681 3545 adimam
698 3480 757 3545 tibi
771 3500 908 3563 namque
923 3478 1071 3564 figuram,

157 3587 221 3650 qua
239 3565 297 3631 tibi
314 3585 441 3649 quaque
457 3567 563 3651 places
579 3575 698 3643 nostro,
715 3564 909 3651 importuna,
927 3568 1060 3631 marito?

157 3652 251 3728 dixit,
268 3661 300 3716 et
317 3650 451 3715 adversa
465 3651 589 3737 prensis
606 3675 626 3717 a
641 3651 746 3716 fronte
762 3650 883 3737 capillis

157 3736 269 3802 stravit
283 3735 374 3800 humi
389 3757 531 3821 pronam.
574 3736 725 3803 tendebat
742 3735 890 3801 bracchia
906 3736 1056 3823 supplext

156 3820 483 3908 bracchiacoeperunt
491 3821 591 3908 nigris
607 3822 788 3888 horrescere
805 3822 898 3899 villis,

156 3906 344 3989 curvarique
360 3929 474 3972 manus
491 3918 523 3971 et
539 3907 680 3973 aduncos
697 3928 839 3974 crescere
854 3905 889 3971 in
905 3928 1030 3992 ungues

155 3991 325 4074 officioque
341 3992 458 4075 pedum
475 3990 581 4078 fungi,
598 3993 790 4077 laudataque
806 3993 967 4077 quondum

156 4097 213 4146 ora
230 4075 299 4142 lovi
315 4076 379 4142 lato
395 4076 464 4144 fieri
480 4077 635 4146 deformia
650 4078 742 4145 rictu.
