2800 4500
212 277 581 336 narmoarflosaou
596 277 671 334 am.
688 276 726 333 x.
740 277 885 334 vor-vae.
902 277 955 333 xr.
968 278 1062 334 1-51.
1089 246 1154 329 181'

127 402 209 470 vatis
225 403 259 467 A
301 402 388 468 llinei
404 401 527 468 vocalia
543 401 629 466 misit
645 400 679 465 in
694 422 766 465 ora:

127 511 210 574 quae
227 488 260 553 fo
274 488 311 553 ”s
327 498 477 574 praesuta
493 498 602 553 notam
619 486 688 552 sine
705 486 836 551 vulnere
853 484 938 550 fecit.

127 574 255 640 alterius
272 573 371 639 telum
387 573 468 658 lapis
486 583 549 651 est,
566 571 622 656 qui
638 570 755 636 missus
771 570 805 635 in
821 569 892 655 ipso

127 666 200 726 a‘e‘re
218 669 374 725 concentu
391 658 494 723 victus
511 657 661 741 vocisque
678 656 690 721 l
768 676 831 740 que
848 665 906 733 est,

127 767 166 810 ac
181 743 281 809 veluti
298 744 432 844 supplex
448 765 507 829 pro
523 754 589 808 tam
606 742 668 807 furi
702 742 774 806 ‘bus
791 740 877 805 ausis

127 840 200 895 ante
218 829 316 915 pedes
334 828 441 894 racuit.
485 828 542 893 sed
559 827 644 893 enim
660 826 828 903 temeraria
845 837 991 891 crescunt

126 915 225 993 bella,
241 914 419 999 modusque
436 913 527 992 abiit,
544 913 720 996 insanaque
736 921 849 997 regnat
866 911 993 997 Erinys.

127 1011 304 1085 cunctaque
322 1000 386 1065 tela
402 999 506 1065 forent
523 1009 619 1064 cantu
636 997 771 1063 mollita:
789 997 847 1062 sed
862 997 976 1084 ingens

126 1086 246 1152 clamor
263 1096 295 1151 et
311 1085 427 1150 inflexo
437 1083 628 1170 Berecyntia
645 1081 724 1147 tibia
741 1103 840 1147 comu

126 1182 341 1258 tympanaque
359 1180 392 1235 et
407 1170 539 1256 plausus
556 1180 589 1235 et
604 1167 745 1234 Bacchei
761 1167 901 1233 ululatus

127 1257 332 1342 obstrepuere
349 1276 427 1320 sono
445 1253 594 1320 citharae.
638 1265 708 1319 tum
725 1252 861 1338 denique
878 1275 956 1318 saxa

126 1362 192 1407 non
209 1339 351 1406 exauditi
367 1340 544 1406 rubuerunt
560 1339 716 1426 sanguine
734 1338 826 1404 vatis.

126 1448 165 1493 ac
181 1426 320 1513 primum
336 1426 485 1491 attonitas
502 1426 677 1491 etiamnum
694 1445 774 1490 voce
791 1424 933 1490 canentis

125 1511 307 1578 innumeras
324 1513 469 1577 volucres
487 1535 528 1576 an
574 1532 672 1595 esque
690 1531 870 1597 agmenque
887 1510 1027 1576 ferarum

126 1597 318 1675 Maenades,
336 1594 460 1683 Orphei
477 1597 501 1661 ti
548 1619 619 1675 um,
636 1618 787 1682 rapuere,
804 1595 933 1661 theatris

125 1683 199 1749 inde
217 1683 388 1748 cruentatis
404 1692 572 1749 vertuntur
587 1682 621 1747 in
639 1679 773 1767 Orphea
790 1681 909 1747 dextris

126 1780 159 1835 et
175 1774 301 1845 coeunt,
317 1778 354 1832 ut
371 1790 461 1846 aves,
480 1768 507 1833 si
524 1767 653 1853 quando
669 1768 742 1841 luce
758 1778 930 1853 vagantem

125 1853 227 1920 noctis
244 1876 338 1919 avem
354 1863 496 1919 cernunt.
540 1862 724 1937 structoque
741 1852 900 1937 utrimque
917 1850 1040 1918 theatro

127 1961 186 2006 eeu
203 1938 359 2003 matutina
377 1960 489 2004 cervus
506 1938 666 2024 periturns
682 1937 803 2002 harena

125 2024 244 2112 praeda
261 2045 377 2089 canum
394 2034 456 2101 est,
474 2033 642 2107 vatemque
658 2032 772 2108 petunt
788 2032 821 2088 et
836 2022 950 2090 fronde
967 2023 1103 2089 virentes

126 2109 286 2175 coniciunt
302 2106 444 2193 thyrsos,
460 2129 526 2172 non
542 2107 622 2173 haec
637 2105 671 2172 in
688 2129 821 2173 munera
837 2107 948 2174 factos.

126 2193 186 2260 hae
203 2192 348 2280 glaebas,
366 2193 439 2259 illae
464 2192 602 2280 direptos
620 2191 733 2258 arbore
750 2214 865 2271 ramos,

148 2302 199 2345 ars
217 2290 365 2363 torquent
380 2278 494 2345 silices.
535 2301 606 2345 neu·
618 2278 722 2345 desint
738 2279 803 2345 tela
818 2279 939 2357 furori,²

125 2303 207 2430 lorte
224 2364 323 2430 boves
339 2386 449 2450 presso
466 2364 537 2430 subi
561 2366 657 2430 ebant
674 2384 802 2430 vomere
818 2375 944 2441 terram,

124 2472 186 2516 nec
202 2450 314 2537 procul
329 2449 405 2515 hinc
420 2450 521 2515 multo
590 2461 677 2516 ctum
694 2450 809 2516 sudore
826 2463 974 2536 parantes

126 2537 207 2602 dura
222 2535 368 2617 lacertosi
386 2535 550 2601 fodiebant
567 2557 643 2600 arva
661 2535 774 2601 coloni.

125 2622 252 2709 agmine
269 2621 325 2705 qui
342 2622 410 2686 viso
427 2621 556 2707 fugiunt
573 2621 740 2708 operisque
757 2620 940 2705 relinquunt

125 2730 214 2774 arma
230 2706 294 2772 suit
316 2727 497 2791 vacuosque
513 2707 618 2773 iacent
635 2707 778 2792 dispersa
793 2728 852 2793 per
868 2728 962 2792 agros

125 2793 312 2876 sarculaque
329 2792 486 2877 rastrique
503 2813 617 2878 graves
634 2792 787 2877 longique
803 2792 935 2892 ligones.

6 2943 8 2948 ⁴
125 2900 207 2962 quae
223 2888 393 2964 postquam
409 2899 543 2964 rapuere
560 2876 663 2954 ferae,
680 2897 842 2961 cornuque
859 2899 999 2943 mmaces

126 2963 283 3028 divulsere
299 2962 413 3040 boves,
431 2963 473 3028 ad
489 2961 571 3027 vatis
588 2961 655 3027 fata
671 2973 847 3039 recurrunt,

125 3047 370 3131 tendentemque
387 3070 500 3113 manus
518 3057 614 3132 atque
630 3047 685 3112 illo
702 3057 845 3133 tempore
861 3047 998 3134 primum

124 3132 213 3197 irrita
230 3132 387 3198 dicentem
403 3154 463 3199 nee
480 3132 651 3218 quicquam
668 3154 747 3198 voce
764 3144 943 3199 moventem

125 3217 297 3303 sacrilegae
314 3217 488 3303 perimunt;
505 3238 625 3304 perque
642 3238 692 3294 os,
709 3239 768 3304 pro
785 3218 944 3304 Iuppiter!
961 3219 1040 3285 illud

125 3303 269 3367 auditum
287 3302 371 3367 saxis
388 3303 646 3387 intellectumque
663 3303 803 3369 ferarum

125 3387 270 3452 sensibus
286 3387 320 3452 in
338 3399 449 3454 ventos
466 3388 572 3453 anima
589 3388 715 3454 exalata
730 3389 869 3455 recessit

124 3484 156 3538 te
172 3482 312 3538 maestae
329 3473 487 3550 volucres,
505 3471 654 3574 Orpheu‚
672 3485 705 3539 te
721 3475 815 3540 turba
831 3474 981 3552 ferarum,

124 3569 156 3623 te
173 3557 268 3642 rigidi
285 3557 402 3635 silices,
420 3569 451 3623 te
469 3580 608 3623 carmma
625 3582 679 3625 sae
702 3582 720 3624 e
738 3569 865 3625 secutae

123 3644 279 3708 fleverunt
295 3643 408 3720 silvae3
425 3643 536 3743 positis
553 3654 585 3709 te
601 3582 767 3709 frondibus
784 3645 879 3709 arbor

123 3739 215 3792 tonsa
232 3749 355 3793 comam
372 3730 462 3792 luxit
505 3728 641 3794 lacrimis
658 3750 786 3815 quoque
803 3729 934 3795 flumina
951 3729 1060 3797 dicunt

123 3813 293 3879 increvisse
312 3813 392 3891 suis3
410 3813 608 3896 obscuraque
626 3816 759 3880 carbasa
776 3815 864 3900 pullo

122 3897 242 3964 Naides
260 3910 292 3963 et
309 3898 457 3984 Dryades
473 3920 646 3984 passosque
662 3899 803 3966 habuere
821 3922 858 3965 ca
880 3900 960 3967 illos.

36 4053 41 4063 Α
123 3984 265 4049 membra
281 3983 386 4049 iacent
402 3984 528 4049 diversa
544 3984 631 4049 locis.
675 3997 785 4071 caput,
803 3923 927 4062 Hebre,
945 3987 1109 4076 lyramque
1159 4009 1193 4063 so

121 4067 255 4158 excipis:
274 4079 319 4149 et,
337 4067 467 4137 miruml
485 4069 590 4139 medio
607 4069 684 4138 dum
700 4070 819 4140 labitur
836 4094 939 4151 amne,
1204 4095 1205 4100 ¹
