2800 4500
292 275 661 336 emrtuoarnosnou
676 277 750 332 nm.
768 275 833 334 xv.
852 276 996 332 141-228.
1090 260 1160 327 259

132 405 246 490 fitque,
264 403 351 487 quod
367 401 455 467 haud
472 402 589 478 fuerat,
607 411 831 484 momentaque
848 411 963 465 cuncta
979 410 1147 465 novantur.
1171 419 1220 470 185

132 490 234 557 cernis
251 499 284 554 et
300 511 443 554 emensas
454 488 487 552 in
504 487 609 552 lucem
625 486 755 551 tendere
771 495 891 561 noctes,

132 585 165 641 et
180 574 274 639 iubar
289 572 350 639 hoc
366 573 501 638 nitidum
518 572 628 657 nigrae
645 570 815 636 succedere
832 569 927 634 nocti.

131 678 191 726 nec
208 660 295 725 color
311 669 359 724 est
375 659 460 723 idem
478 657 576 732 caelo,
594 678 667 721 cum
682 656 768 721 lassa
784 655 890 740 quiete

132 755 247 810 cuncta
262 744 367 809 iacent
383 743 502 818 media,
521 763 657 827 cumque
674 742 747 806 albo
765 740 897 805 Lucifer
914 739 979 805 exit

132 831 236 895 clarus
254 849 337 912 equo
342 853 351 905 3
368 849 540 911 rursusque
558 827 653 903 alius,
672 848 745 890 oum
761 825 891 911 praevia
908 825 988 891 lucis

132 914 321 979 tradendum
336 913 470 979 Phoebo
487 912 660 977 Pallantias
677 911 777 976 inficit
793 909 913 975 orbem.

131 1000 200 1086 ipse
218 999 269 1065 dei
286 999 406 1084 clipeus
423 1012 507 1063 terra
524 1019 597 1063 cum
615 997 736 1062 tollitur
751 997 826 1072 ima,

132 1104 225 1149 mane
242 1083 349 1159 rubet,
367 1096 529 1167 terraque,
546 1083 654 1159 rubet,
671 1104 745 1146 cum
763 1080 909 1146 conditur
924 1081 1003 1145 ima:

133 1169 286 1234 candidus
303 1168 335 1232 in
354 1190 477 1233 summo
495 1179 557 1243 est,
574 1167 685 1233 melior
701 1178 816 1231 natura
832 1166 919 1249 quod
936 1166 1000 1230 illic

132 1253 267 1320 aetheris
285 1265 333 1319 est
350 1264 515 1336 terraeque
532 1253 643 1339 procul
660 1252 809 1338 contagia
825 1251 918 1337 fugit.

131 1361 191 1405 nec
207 1361 266 1425 par
283 1349 339 1404 aut
355 1337 467 1403 eadem
484 1350 657 1403 noeturnae
673 1337 778 1402 forma
793 1336 919 1402 Dianae

132 1447 201 1490 esse
218 1435 323 1510 potest
339 1444 500 1508 umquam.
544 1444 732 1509 semperque
748 1421 901 1487 hodierna
917 1431 1080 1507 sequente,

131 1510 159 1574 si
176 1509 301 1585 crescit,
318 1509 499 1586 minoraret,
516 1509 627 1585 maior,
644 1509 672 1573 si
690 1507 847 1574 contrahit
864 1506 983 1573 orbem.

131 1595 227 1679 quid?
243 1590 308 1658 non
324 1594 358 1658 in
375 1595 495 1679 species
513 1594 683 1660 succedere
700 1605 851 1679 quattuor
868 1616 987 1658 annum

131 1679 260 1765 aspicis,
279 1679 390 1745 aetatis
406 1690 611 1764 peragentem
628 1678 804 1744 imitamina
820 1678 965 1744 nostrae?

130 1788 206 1829 nam
223 1776 312 1830 tener
328 1787 366 1830 ao
382 1764 503 1830 lactens
519 1764 674 1850 puerique
692 1764 869 1828 simillimus
887 1785 966 1830 aevo

130 1872 205 1916 vere
221 1871 304 1914 novo
322 1860 384 1915 est:
401 1859 479 1914 tnnc
494 1849 594 1915 herba
610 1871 721 1914 recens
739 1861 770 1914 et
785 1849 907 1912 roboris
925 1872 1038 1935 expers

130 1946 237 2019 turget
253 1945 285 2000 et
301 1933 436 1999 insolida
453 1946 501 1999 est
518 1945 550 1998 et
566 1955 623 2020 spe
641 1933 777 1998 delectat
794 1945 951 2017 agrestes3

131 2019 238 2083 omnia
254 2029 330 2084 tunc
346 2019 473 2095 florent,
490 2019 667 2101 florumque
685 2017 843 2083 coloribus
861 2019 962 2082 almus

130 2103 211 2168 ludit
228 2125 315 2187 ager,
332 2124 437 2186 neque
454 2103 558 2167 adhuc
575 2103 674 2167 virtus
691 2103 724 2166 in
741 2101 907 2166 frondibus
924 2103 989 2166 ulla
1006 2113 1064 2169 est.

131 2187 242 2253 transit
258 2187 292 2252 in
309 2197 463 2253 aestatem
479 2198 552 2273 post
568 2209 625 2254 ver
641 2186 801 2253 robustior
816 2209 928 2265 annus,

130 2274 229 2356 fitque
247 2274 355 2338 valens
372 2273 510 2338 iuvenis:
527 2295 631 2358 nequa
648 2273 734 2338 enim
750 2273 909 2338 robustior
925 2285 1013 2338 aetas

132 2359 196 2423 ulla
212 2380 272 2423 nec
288 2358 416 2423 uberior
432 2381 507 2435 nec,
521 2381 607 2442 quae
623 2360 726 2445 magis
744 2359 867 2435 ardeat,
885 2358 951 2423 ulla
967 2370 1025 2425 est.

131 2443 248 2528 excipit
264 2456 434 2508 autumnus
452 2444 556 2544 posito
572 2444 696 2510 fervore
713 2444 861 2509 inventae

131 2540 274 2594 maturus
289 2528 437 2612 mitisque
453 2540 536 2593 mter
552 2529 762 2612 iuvenemque
781 2550 962 2613 senemque,

130 2613 280 2699 temperie
297 2614 420 2680 medius
425 2661 434 2691 ,
453 2637 580 2699 sparsus
598 2635 726 2698 quoque
743 2626 886 2700 tempora
903 2615 1000 2680 canis.

130 2699 204 2764 inde
222 2698 327 2764 senilis
344 2699 446 2764 hiems
463 2699 598 2765 tremulo
615 2700 702 2765 venit
719 2700 847 2765 horrida
863 2722 970 2785 passu,

130 2796 186 2848 aut
203 2784 337 2868 spoliata
354 2805 442 2859 suos,
460 2795 529 2860 aut,
547 2805 627 2868 qnos
644 2784 755 2870 habet,
773 2785 846 2850 alba
864 2785 1003 2870 capillos.

130 2879 243 2934 nostra.
255 2890 382 2951 quoque
399 2869 540 2955 ipsorum
557 2891 625 2934 sem
666 2892 683 2933 r
698 2869 871 2954 requieque
888 2870 956 2935 sine
973 2871 1039 2936 ulla

130 2974 263 3038 corpora
279 2964 458 3018 vertuntur:
475 2975 535 3018 nec
552 2975 596 3036 qu
655 2954 815 3019 fuimusve
833 2976 992 3031 eumusve,

130 3060 200 3102 cras
218 3037 344 3102 erimus.
387 3037 449 3102 fuit
464 3037 519 3102 illa
537 3038 619 3114 dies,
636 3061 700 3123 qua
718 3039 838 3104 semina
855 3050 979 3104 tantum

130 3144 265 3207 spesque
282 3121 445 3190 hominum
461 3123 582 3209 primae
599 3124 707 3188 matris
723 3124 916 3189 latitavimus
934 3125 1016 3191 alvo.

131 3206 267 3271 artifices
284 3218 398 3271 natura
414 3229 528 3273 manus
545 3208 700 3285 admovit,
719 3222 751 3274 et
767 3209 842 3294 angi

130 3313 263 3376 corpora
279 3291 452 3357 visceribus
473 3293 629 3360 distentae
647 3293 774 3358 condita
791 3293 901 3359 matris

129 3377 230 3440 noluit
247 3396 328 3460 eque
346 3376 441 3444 domo
458 3399 576 3443 vacuas
594 3378 697 3443 emisit
714 3379 748 3443 in
765 3402 869 3444 auras.

130 3460 233 3525 editus
250 3461 283 3528 in
300 3461 405 3526 lucem
422 3462 520 3527 iacuit
537 3463 604 3528 sine
622 3463 743 3529 viribus
760 3464 880 3531 infans:

129 3567 204 3610 mox
222 3546 403 3631 quadrupes
420 3546 547 3632 rituque
565 3548 636 3614 tulit
652 3571 712 3614 sua
727 3549 871 3616 membra
887 3550 1041 3618 ferarumz

129 3631 345 3715 paulatimque
362 3642 500 3697 tremens
517 3643 549 3697 et
565 3633 708 3699 nondum
725 3636 844 3721 poplite
860 3634 952 3701 firmo

129 3714 281 3790 constitit,
299 3715 414 3779 adiutis
432 3718 538 3801 aliquo
556 3718 722 3785 conamine
739 3720 856 3786 nervis.

129 3799 203 3864 inde
220 3800 329 3868 valens
347 3801 502 3884 veloxque
519 3802 594 3880 fuit,
612 3804 814 3889 spatiumque
830 3806 978 3872 iuventae

129 3884 254 3959 transit,
272 3895 305 3950 et
321 3886 459 3950 emeritis
476 3887 573 3953 medii
589 3909 717 3973 quoqne
735 3891 885 3975 temporis
903 3892 994 3958 annis

129 3968 244 4069 labitur
261 3969 411 4036 occiduae
426 3993 485 4070 per
501 3971 561 4037 iter
578 3974 699 4040 declive
717 3989 871 4042 senectae.

129 4054 252 4120 subrmt
269 4054 347 4123 haec
365 4078 436 4132 aeva
453 4057 682 4147 demoliturque
698 4059 812 4147 prioris

925 4160 976 4217 ll·
