2800 4500
313 274 682 335 unrmroaruosuon
698 277 772 332 aus.
791 277 842 332 xi.
861 277 1006 334 tot-491.
1111 232 1188 327 191ι

150 403 311 486 multaque
328 401 491 488 respoudit
507 400 653 466 timidum
671 400 806 465 solantia
823 411 949 548 pectus:

124 528 127 532 ι
150 512 214 555 non
231 501 337 554 tamen
354 487 471 553 idcireo
488 508 617 551 causam
634 484 759 571 probat.
803 507 822 548 a
845 484 924 549 didit
939 485 1001 550 illis

150 573 211 639 hoc
227 594 354 658 quoque
371 571 522 649 lenimen,
540 592 604 655 quo
622 571 690 635 solo
706 569 795 635 flexit
811 581 984 635 amantemz
1190 589 1241 640 450

151 661 261 745 ‘longa
277 657 405 742 quidem
422 667 471 723 est
486 656 578 722 nobis
595 655 698 721 omnis
715 677 814 720 mora.
858 655 914 720 sed
931 655 989 719 tibi
1005 654 1075 720 iuro

150 768 207 831 per
223 744 342 831 patrios
358 741 464 829 ignes,
482 743 509 807 si
526 763 578 807 me
593 741 689 806 modo
707 741 775 806 fata
791 740 959 816 remittent,

151 841 224 895 ante
241 850 457 905 reversurum,
474 849 573 912 quam
589 827 665 891 luna
682 825 732 891 bis
749 827 880 912 impleat
896 824 1026 892 orbem’

149 914 198 981 his
215 915 272 979 ubi
288 912 450 1000 promissis
467 934 540 998 spes
558 923 606 978 est
623 912 751 977 admota
767 933 924 986 recursus,

148 999 291 1087 protinus
309 999 456 1064 eductam
472 997 639 1063 navalibus
657 1018 795 1081 aequore
811 996 925 1083 tingui,

149 1109 169 1150 a
192 1084 314 1169 tarique
331 1084 396 1148 suis
414 1083 525 1168 pinum
541 1082 631 1148 iubet
646 1081 859 1148 armamentis.

131 1108 214 1254 {aa
230 1191 340 1234 rursus
357 1169 440 1246 visa,
459 1168 558 1233 veluti
574 1189 731 1253 praesaga
746 1167 846 1232 futuri

149 1255 270 1320 horruit
286 1254 433 1339 Alcyone
449 1252 659 1336 lacrimasque
676 1253 779 1318 emisit
796 1253 924 1318 obortas

150 1340 378 1426 amplexusque
397 1338 498 1414 dedit,
515 1338 659 1423 tristique
677 1337 852 1403 miserrima
868 1337 997 1403 tandem

150 1448 204 1492 ore
222 1425 321 1490 ‘vale'
339 1423 432 1499 dixit,
450 1423 650 1509 collapsaque
668 1444 801 1509 corpore
817 1434 883 1488 toto
901 1435 958 1487 est.
1190 1439 1241 1490 tto

149 1521 199 1576 ast
214 1510 359 1585 iuvenes,
376 1519 549 1592 quaerente
565 1530 671 1574 moras
689 1505 812 1595 Ceyce,
828 1508 985 1575 reducunt

149 1595 310 1660 ordinibus
328 1595 463 1682 geminis
480 1594 522 1659 ad
539 1593 634 1660 fortia
650 1605 779 1680 pectora
795 1615 900 1660 remos

149 1681 337 1765 aequalique
353 1680 419 1745 ictu
435 1680 582 1745 scindunt
599 1680 691 1745 freta.
735 1680 861 1745 sustulit
877 1680 932 1744 illa

150 1776 292 1832 umentes
310 1766 433 1842 oculos,
452 1776 650 1848 stantemque
667 1765 977 1861 in'puppejecurva
1165 1765 1184 1810 ⁰

148 1871 479 2000 concussaqrmmanu
497 1850 626 1915 dantem
644 1850 708 1914 sibi*
722 1851 814 1950 signa
830 1852 980 1915 maritum
1189 1867 1240 1917 465

171 1936 251 2002 rima
267 1935 299 2000 vi
323 1948 365 2012 et,
383 1936 550 2018 redditque
566 1948 667 1999 notas.
711 1935 766 1999 ubr
784 1946 868 1999 terra
883 1934 1012 2001 recessit
1156 1943 1159 1947 '

147 1959 290 2108 longius,
307 2031 404 2103 atque
421 2021 504 2085 oculi
520 2030 683 2103 nequeunt
699 2041 891 2105 cognoscere
908 2019 1026 2096 vultus,

148 2108 226 2172 dum
242 2106 330 2183 licet,
348 2104 524 2189 insequitur
540 2104 716 2190 fugientem
733 2104 852 2170 lumine
869 2105 991 2190 pinum.

148 2190 228 2258 haec
245 2211 372 2276 quoque
389 2200 425 2255 ut
440 2189 527 2256 haud
543 2199 681 2277 poterat,
699 2189 802 2275 spatio
819 2190 975 2267 submota,
995 2188 1105 2267 videri,

148 2278 220 2343 vela
236 2288 343 2342 tamen
360 2286 482 2362 spectat
499 2297 623 2340 summo
640 2276 797 2341 fluitantia
812 2276 907 2341 malo.

148 2374 185 2429 ut
201 2384 261 2428 neo
277 2362 350 2427 vela
365 2361 467 2439 videt,
484 2382 622 2426 vacuum
638 2361 718 2511 petit
734 2362 829 2426 anxia
845 2362 963 2427 lectum
1067 2354 1074 2366 ⁶

148 2469 246 2533 seque
263 2458 333 2512 toro
349 2447 449 2533 ponit.
491 2459 622 2511 renovat
651 2457 802 2531 ectusque
818 2447 971 2531 locusque

148 2533 315 2619 Alcyonae
330 2531 477 2598 lacrimas
494 2542 540 2608 et,
558 2553 641 2616 quae
658 2554 746 2617 pars,
764 2533 927 2610 admonet,
946 2530 1038 2599 absit

148 2619 291 2705 portibus
309 2617 465 2695 exierant,
483 2628 515 2683 et
531 2629 672 2683 moverat
690 2640 768 2683 aura
785 2619 948 2684 rudentesz

148 2704 284 2770 obvertit
300 2703 390 2769 lateri
407 2703 581 2789 pendentes
598 2701 706 2768 navita
721 2724 826 2769 remos

149 2811 330 2873 cornuaque
346 2790 380 2853 in
397 2811 523 2853 summa
538 2788 623 2853 locat
640 2788 752 2854 arbore
769 2800 899 2871 totaque
916 2788 1001 2854 malo

149 2874 281 2940 carbasa
298 2874 440 2951 deducit,
458 2872 684 2956 venientesque
701 2873 817 2958 accipit
833 2896 936 2938 auras.

149 2970 204 3023 aut
221 2961 340 3036 minus,
357 2971 413 3024 aut
430 2971 515 3025 certe
531 2957 672 3024 medium
688 2979 753 3022 non
770 2958 906 3044 amplius
923 2980 1043 3043 aequor

148 3066 256 3130 puppe
273 3045 450 3120 secabatur,
467 3044 626 3130 longeque
643 3054 711 3108 erat
728 3054 863 3127 utraque
879 3043 983 3118 tellus,

150 3150 223 3194 cum
240 3152 326 3194 mare
344 3129 404 3194 sub
421 3141 547 3194 noctem
564 3127 693 3193 tumidis
712 3128 871 3194 albescere
889 3128 993 3214 coepit

149 3213 311 3290 fluctibus,
330 3226 362 3279 et
378 3237 531 3300 praeceps
548 3214 668 3299 spirare
685 3213 841 3278 valentius
858 3235 965 3279 eurus.

106 3293 262 3362 ‘'ardua
279 3299 465 3364 iamdudum
483 3299 638 3365 demittite
655 3299 794 3374 cornua,'
812 3310 915 3363 rector

149 3384 263 3448 clamat
281 3391 328 3449 ‘et
345 3383 499 3449 antemnis
516 3396 617 3449 toturn
636 3383 812 3450 subnectite
829 3382 965 3450 veluml'

149 3467 200 3533 hic
217 3468 320 3532 iubet:
338 3468 514 3569 impediunt
531 3470 683 3535 adversae
699 3469 787 3533 iussa
802 3471 969 3555 procellae,

148 3574 208 3618 nec
225 3552 299 3617 sinit
316 3553 420 3636 audrn’
435 3576 546 3619 vocem
564 3555 673 3638 fragor
689 3555 835 3636 aequoris
852 3555 961 3618 ullam.

142 3649 260 3722 sponte
277 3648 382 3702 tamen
400 3652 570 3723 properant
587 3640 640 3705 alii
658 3640 835 3704 subducere
852 3661 966 3717 remos,

147 3745 222 3808 pars
239 3724 362 3789 munire
379 3724 477 3799 latus,
494 3747 568 3810 pars
585 3725 688 3790 ventis
705 3725 777 3789 vela
792 3747 921 3808 negare.

149 3809 248 3908 egerit
264 3808 317 3873 hic
333 3808 448 3874 fluetus
465 3830 646 3894 aequorque
663 3809 802 3875 refundit
819 3809 853 3873 in
870 3831 1003 3893 aequorr

45 3971 48 3978 1
148 3892 200 3957 hrc
217 3893 299 3978 rapit
316 3904 489 3960 antemnas.
533 3916 615 3979 quae
633 3896 710 3959 dum
727 3896 795 3959 sine
811 3895 883 3978 lege
900 3908 1064 3980 geruntur,

147 4000 260 4062 aspera
277 3979 390 4044 crescit
406 3979 522 4057 hiems,
539 3980 688 4064 omnique
707 4002 725 4045 e
742 3991 831 4064 parte
848 3980 970 4045 feroces

147 4062 232 4130 bella
247 4075 363 4151 gerunt
379 4064 467 4133 venti
483 4065 627 4152 fretaque
644 4065 843 4152 indignantia
859 4065 1002 4132 miscent.
