2800 4500
311 268 679 358 mrauoasnossou
695 296 769 352 nm.
787 297 825 352 x.
844 296 938 354 a-ao.
1069 252 1137 349 lob

101 417 248 487 'sustinet
264 419 380 494 oranti,
397 441 457 485 nec
474 419 529 504 qui
547 419 629 505 regit
645 418 724 496 ima,
742 441 875 504 negare:

113 503 360 590 Eurydicenque
376 518 502 570 vocant.
545 504 675 569 umbras
693 513 762 569 erat
777 504 832 568 illa
849 514 991 570 recentes

112 591 205 667 inter,
223 600 254 655 et
271 588 398 655 incessit
415 612 512 676 passu
530 590 569 656 de
587 590 718 655 vulnere
736 589 836 653 tardo.

74 755 77 762 Ι
113 674 197 741 hanc
213 673 308 740 simul
325 686 356 740 et
372 675 476 762 legem
494 674 700 760 Rhodopeius
718 674 832 759 accipit
848 674 952 752 heros,
1153 693 1188 746 to

3 843 6 847 .
113 781 154 826 ne
171 760 278 826 flectat
293 770 377 826 retro
394 783 453 826 sua
470 760 606 838 lumina,
624 760 725 828 donec
742 759 890 824 Avernas

114 844 226 911 exierit.
242 846 355 912 valles:
374 856 428 911 aut
444 845 534 911 irrita
552 845 635 910 dona
651 845 770 910 futura.

113 930 254 1017 carpitur
270 929 398 996 acclivis
415 953 472 1016 per
488 941 577 995 muta
594 930 717 1009 silentia
734 941 851 995 trames

114 1016 247 1093 arduus,
263 1016 433 1093 obscurus,
451 1016 510 1081 cali
535 1017 586 1082 'ns
603 1015 721 1081 densus
739 1023 849 1102 opaca.

114 1122 175 1167 nec
191 1101 301 1187 procul
318 1101 466 1172 afuerunt
483 1039 603 1167 teilhris
620 1101 763 1186 margine
781 1122 947 1194 summast

114 1185 181 1262 hic,
199 1208 240 1252 ne
258 1185 420 1262 deficeret,
437 1197 581 1252 metuens
600 1186 775 1269 avidusque
793 1184 921 1251 videndi
1063 1192 1070 1204 “

114 1270 204 1347 flexit
221 1293 331 1336 amans
348 1271 470 1336 oculos:
489 1281 521 1337 et
537 1271 680 1358 protinus
696 1271 752 1336 illa
768 1270 894 1357 relapsa
911 1280 966 1336 est.

114 1338 326 1440 bracchiaque
342 1356 508 1422 intendens
524 1357 699 1443 prendique
718 1368 750 1422 et
767 1356 920 1442 prendere
936 1369 1061 1423 certans
1132 1401 1137 1409 -

114 1441 160 1506 nil
176 1440 238 1506 nisi
256 1441 403 1507 cedentes
420 1441 531 1507 infelix
547 1441 657 1528 arripit
674 1464 777 1508 auras.

3 1584 9 1617 s
114 1526 242 1611 iamque
259 1526 373 1592 iterum
390 1526 527 1609 moriens
544 1539 674 1593 nonest
691 1526 732 1593 de
749 1526 884 1614 coniuge
901 1526 1073 1612 quicquam

114 1623 233 1695 questa.
244 1632 317 1677 suo:
335 1611 413 1696 quid
430 1611 515 1677 enim
531 1612 592 1679 nisi
609 1634 643 1678 se
661 1625 847 1697 quereretur
864 1613 1021 1678 amatam?

115 1718 361 1782 supremumque
379 1698 464 1775 vale,
482 1698 649 1782 quodiam
667 1698 722 1763 vix
741 1698 870 1763 auribus
887 1698 940 1764 ille

12 1834 14 1839 ,
115 1783 286 1867 acciperet,
304 1782 384 1847 dixit
399 1783 606 1867 revolutaque
623 1806 733 1849 rursus
750 1783 862 1849 eodem
880 1794 937 1848 est
952 1844 972 1859 ,

114 1888 178 1932 non
196 1867 286 1932 aliter
303 1867 424 1969 stupuit
440 1868 568 1954 gemina
584 1891 664 1933 nece
681 1867 825 1954 coniugis
843 1865 1005 1955 Orpheus,
1049 1877 1050 1880 ’

114 1974 214 2036 quam,
228 1953 288 2017 tria
306 1974 361 2037 qur
378 1952 522 2029 timidus,
539 1953 644 2018 medio
662 1965 807 2039 portante
825 1964 962 2027 catenas,

115 2038 197 2103 colla
214 2038 301 2102 canis
318 2037 408 2102 vidit.
452 2059 548 2122 quem
565 2060 629 2104 non
645 2051 747 2124 pav'or
763 2051 835 2103 ante
852 2038 989 2121 reliquit,

114 2144 211 2207 quam
228 2134 342 2189 natura
358 2122 454 2210 prior,
472 2145 549 2188 saxo
566 2146 624 2209 per
641 2144 756 2210 corpus
774 2123 900 2188 oborto:

138 2206 234 2292 uique
251 2208 285 2273 in
302 2211 340 2275 se'
354 2208 473 2275 crimen
490 2209 586 2275 traxit
603 2208 766 2294 voluitque
783 2207 884 2275 videri

150 2294 239 2363 lenos
256 2316 325 2360 esse
342 2315 474 2360 nocens:
492 2306 590 2380 tuque
607 2317 627 2361 o
645 2294 764 2361 confisa
780 2295 913 2381 figurae,

114 2378 227 2445 infelix
243 2379 403 2457 Lethaea,
421 2392 510 2458 tuae,
526 2380 724 2447 iunctissima
740 2380 900 2465 quondam

138 2476 258 2542 ectora,
276 2487 361 2531 nunc
377 2464 514 2551 lapides,
532 2487 612 2550 quos
629 2466 738 2531 umida
755 2466 889 2531 sustinet
906 2466 973 2531 Ide.

3 2559 4 2564 ’
82 2487 259 2638 ssrantem
275 2550 587 2635 frustraqueiterum
604 2552 738 2618 transire
755 2552 914 2617 volentem

115 2636 249 2723 portitor
266 2647 419 2702 arcuerat.
463 2647 585 2723 septem
602 2647 709 2703 tamen
726 2637 779 2704 ille
797 2636 910 2703 diebus

3 2755 8 2806 '.
116 2721 280 2806 squalidus
297 2721 331 2785 in
347 2721 418 2807 ripa
435 2719 561 2800 Cereris
578 2722 646 2808 sine
663 2745 795 2789 munere
812 2723 907 2789 sedit:

117 2827 193 2871 cura
211 2805 362 2889 dolorque
380 2806 477 2871 animi
494 2807 706 2891 lacrimaeque
724 2809 988 2894 alimentafuere.

116 2912 186 2957 esse
204 2891 280 2956 deos
297 2891 396 2972 Erebi
413 2892 557 2958 crudeles
574 2904 719 2975 questus,
736 2892 770 2957 in
788 2893 883 2957 altam

9 2989 12 2997 '
117 2999 151 3041 se
168 2976 279 3063 recipit
296 2976 474 3062 Rhodopen
491 2978 681 3064 pulsumque
699 2976 900 3062 aquilonibus
918 2979 1090 3043 Haemum.
1120 3049 1129 3067 ‚

116 3061 227 3126 tertius
244 3063 409 3146 aequoreis
427 3062 584 3128 inclusum
600 3062 749 3127 Piscibus
766 3085 885 3127 annum
1130 3055 1136 3073 '

11 3177 15 3180 ¹
116 3147 240 3212 finierat
256 3146 366 3225 Titan,
384 3169 573 3232 omnemque
590 3148 753 3233 refugerat
769 3144 920 3234 Orpheus

5 3279 9 3284 -
116 3232 288 3320 femineam
306 3233 479 3309 Venerem,
497 3256 555 3298 seu
572 3234 659 3317 quod
675 3233 759 3299 male
776 3244 912 3299 cesserat
928 3233 985 3311 illi,

118 3316 185 3382 sive
202 3317 298 3383 fidem
316 3317 454 3382 dederat
498 3318 613 3384 multas
631 3331 739 3384 tamen
756 3319 850 3385 ardor
863 3317 1005 3385 habebat

37 3409 39 3414 ’
116 3401 249 3488 iungere
267 3424 302 3467 se
319 3402 398 3466 vati:
415 3403 534 3470 multae
552 3404 680 3470 doluere
697 3405 853 3491 repulsae.

117 3486 170 3552 ille
188 3486 282 3551 etiam
300 3486 462 3552 Thracum
478 3489 604 3575 populis
620 3489 682 3554 fuit
700 3500 820 3567 auctor,
838 3511 978 3555 amorem

117 3572 151 3636 in
168 3582 293 3637 teneros
310 3572 479 3638 transferre
496 3596 614 3653 mares,
632 3575 773 3658 citraque
790 3575 954 3640 iuventam

118 3657 229 3723 aetatis
247 3657 343 3723 breve
360 3680 416 3723 ver
433 3669 466 3723 et
481 3659 600 3745 primos
618 3682 747 3746 carpere
763 3659 866 3724 flores.

162 3740 261 3809 Collis
279 3755 359 3820 erat,
377 3743 488 3809 collem
512 3767 551 3810 ue
568 3767 664 3831 super
679 3744 864 3831 planissima
881 3741 985 3831 campi

119 3851 208 3907 area3
227 3851 322 3913 quam
340 3829 473 3895 viridem
489 3766 651 3911 faciebant
667 3830 819 3916 graminis
837 3829 964 3906 herbae,

118 3914 233 3979 umbra
248 3914 327 3979 loco'·
337 3915 454 3981 deerat.
498 3937 563 3998 qua
579 3926 748 4000 postquam
765 3927 855 4002 parte
872 3915 989 3981 resedit

118 3998 167 4064 dis
184 3999 310 4084 genitus
328 4012 415 4065 vates
433 4012 464 4067 et
481 3999 535 4064 fila
552 4000 695 4066 sonantia
711 4000 819 4076 movit,

118 4083 232 4152 umbra
247 4084 318 4154 loco
335 4084 431 4154 venit.
473 4107 538 4157 uon
555 4083 698 4158 Chaonis
715 4084 796 4157 afuit
813 4085 917 4167 arbor,
