<?xml version="1.0" encoding="UTF-8"?>
<!DOCTYPE html PUBLIC "-//W3C//DTD XHTML 1.0 Transitional//EN"
    "http://www.w3.org/TR/xhtml1/DTD/xhtml1-transitional.dtd">
<html xmlns="http://www.w3.org/1999/xhtml" xml:lang="en" lang="en">
 <head>
  <title>
</title>
<meta http-equiv="Content-Type" content="text/html;charset=utf-8" />
  <meta name='ocr-system' content='tesseract 3.04.00' />
  <meta name='ocr-capabilities' content='ocr_page ocr_carea ocr_par ocr_line ocrx_word'/>
</head>
<body>
  <div class='ocr_page' id='page_1' title='image "./povidiinasonisc00unkngoog_0072.png"; bbox 0 0 2800 4500; ppageno 0'>
   <div class='ocr_carea' id='block_1_1' title="bbox 252 260 940 362">
    <p class='ocr_par' dir='ltr' id='par_1_1' title="bbox 252 260 940 362">
     <span class='ocr_line' id='line_1_1' title="bbox 252 260 940 362; baseline 0.015 -9"><span class='ocrx_word' id='word_1_1' title='bbox 252 260 294 354; x_wconf 80' lang='lat'>&#39;14</span> <span class='ocrx_word' id='word_1_2' title='bbox 584 303 940 362; x_wconf 66' lang='grc'><strong>5551555555515</strong></span> 
     </span>
    </p>
   </div>
   <div class='ocr_carea' id='block_1_2' title="bbox 133 427 1269 4196">
    <p class='ocr_par' dir='ltr' id='par_1_2' title="bbox 249 427 1162 687">
     <span class='ocr_line' id='line_1_2' title="bbox 250 427 1086 514; baseline 0.004 -23"><span class='ocrx_word' id='word_1_3' title='bbox 250 438 324 493; x_wconf 90' lang='lat' dir='ltr'>ante</span> <span class='ocrx_word' id='word_1_4' title='bbox 340 427 425 494; x_wconf 89' lang='lat' dir='ltr'>fores</span> <span class='ocrx_word' id='word_1_5' title='bbox 443 427 540 495; x_wconf 89' lang='lat' dir='ltr'>stabis</span> <span class='ocrx_word' id='word_1_6' title='bbox 558 427 759 513; x_wconf 89' lang='lat' dir='ltr'>mediamque</span> <span class='ocrx_word' id='word_1_7' title='bbox 776 429 905 495; x_wconf 78' lang='lat' dir='ltr'>tuebere</span> <span class='ocrx_word' id='word_1_8' title='bbox 923 446 1086 514; x_wconf 85' lang='lat' dir='ltr'>quercum</span> 
     </span>
     <span class='ocr_line' id='line_1_3' title="bbox 249 512 1099 601; baseline 0.002 -24"><span class='ocrx_word' id='word_1_9' title='bbox 249 523 348 598; x_wconf 92' lang='lat' dir='ltr'>utque</span> <span class='ocrx_word' id='word_1_10' title='bbox 365 536 471 579; x_wconf 92' lang='lat' dir='ltr'>meum</span> <span class='ocrx_word' id='word_1_11' title='bbox 488 513 619 580; x_wconf 80' lang='lat' dir='ltr'>intonsis</span> <span class='ocrx_word' id='word_1_12' title='bbox 637 524 733 601; x_wconf 89' lang='lat' dir='ltr'>caput</span> <span class='ocrx_word' id='word_1_13' title='bbox 750 524 798 580; x_wconf 90' lang='lat' dir='ltr'>est</span> <span class='ocrx_word' id='word_1_14' title='bbox 810 512 958 578; x_wconf 82' lang='lat' dir='ltr'>iuvenale</span> <span class='ocrx_word' id='word_1_15' title='bbox 968 536 1006 580; x_wconf 90' lang='lat' dir='ltr'>ca</span> <span class='ocrx_word' id='word_1_16' title='bbox 1028 514 1099 592; x_wconf 92' lang='lat' dir='ltr'>illis,</span> 
     </span>
     <span class='ocr_line' id='line_1_4' title="bbox 250 537 1162 687; baseline 0.002 -23"><span class='ocrx_word' id='word_1_17' title='bbox 250 609 286 665; x_wconf 87' lang='lat' dir='ltr'>tu</span> <span class='ocrx_word' id='word_1_18' title='bbox 303 621 429 684; x_wconf 91' lang='lat' dir='ltr'>quoque</span> <span class='ocrx_word' id='word_1_19' title='bbox 445 611 615 687; x_wconf 85' lang='lat' dir='ltr'>perpetuos</span> <span class='ocrx_word' id='word_1_20' title='bbox 633 620 758 686; x_wconf 78' lang='lat' dir='ltr'>semper</span> <span class='ocrx_word' id='word_1_21' title='bbox 774 623 850 687; x_wconf 92' lang='lat' dir='ltr'>gere</span> <span class='ocrx_word' id='word_1_22' title='bbox 867 600 989 665; x_wconf 79' lang='lat' dir='ltr'><strong>frondis</strong></span> <span class='ocrx_word' id='word_1_23' title='bbox 1006 537 1162 666; x_wconf 64' lang='lat' dir='ltr'>bonores?</span> 
     </span>
    </p>

    <p class='ocr_par' dir='ltr' id='par_1_3' title="bbox 182 684 1087 858">
     <span class='ocr_line' id='line_1_5' title="bbox 182 684 995 754; baseline -0.005 -1"><span class='ocrx_word' id='word_1_24' title='bbox 182 704 232 754; x_wconf 88' lang='grc'>555</span> <span class='ocrx_word' id='word_1_25' title='bbox 250 684 374 751; x_wconf 89' lang='lat' dir='ltr'>finierat</span> <span class='ocrx_word' id='word_1_26' title='bbox 389 685 509 751; x_wconf 89' lang='lat' dir='ltr'>Paean.</span> <span class='ocrx_word' id='word_1_27' title='bbox 552 685 644 751; x_wconf 87' lang='lat' dir='ltr'>factis</span> <span class='ocrx_word' id='word_1_28' title='bbox 661 686 757 750; x_wconf 91' lang='lat' dir='ltr'>modo</span> <span class='ocrx_word' id='word_1_29' title='bbox 774 687 883 751; x_wconf 90' lang='lat' dir='ltr'>laurea</span> <span class='ocrx_word' id='word_1_30' title='bbox 899 687 995 751; x_wconf 90' lang='lat' dir='ltr'>ramis</span> 
     </span>
     <span class='ocr_line' id='line_1_6' title="bbox 250 771 1087 858; baseline 0 -22"><span class='ocrx_word' id='word_1_31' title='bbox 250 771 373 851; x_wconf 80' lang='lat' dir='ltr'><strong>adnuit,</strong></span> <span class='ocrx_word' id='word_1_32' title='bbox 390 782 490 856; x_wconf 90' lang='lat' dir='ltr'>utque</span> <span class='ocrx_word' id='word_1_33' title='bbox 507 782 601 858; x_wconf 90' lang='lat' dir='ltr'>caput</span> <span class='ocrx_word' id='word_1_34' title='bbox 619 771 688 836; x_wconf 86' lang='lat' dir='ltr'>visa</span> <span class='ocrx_word' id='word_1_35' title='bbox 706 782 755 837; x_wconf 90' lang='lat' dir='ltr'>est</span> <span class='ocrx_word' id='word_1_36' title='bbox 772 772 909 857; x_wconf 78' lang='lat' dir='ltr'>agitasse</span> <span class='ocrx_word' id='word_1_37' title='bbox 926 792 1087 837; x_wconf 80' lang='lat' dir='ltr'>cacumen.</span> 
     </span>
    </p>

    <p class='ocr_par' dir='ltr' id='par_1_4' title="bbox 249 856 1269 1114">
     <span class='ocr_line' id='line_1_7' title="bbox 290 856 1269 944; baseline 0.002 -23"><span class='ocrx_word' id='word_1_38' title='bbox 290 856 352 922; x_wconf 83' lang='lat' dir='ltr'>Est</span> <span class='ocrx_word' id='word_1_39' title='bbox 363 880 476 924; x_wconf 89' lang='lat' dir='ltr'>nemus</span> <span class='ocrx_word' id='word_1_40' title='bbox 489 857 698 935; x_wconf 89' lang='lat' dir='ltr'>Haemoniae,</span> <span class='ocrx_word' id='word_1_41' title='bbox 716 869 886 944; x_wconf 90' lang='lat' dir='ltr'>praerupta</span> <span class='ocrx_word' id='word_1_42' title='bbox 898 857 985 941; x_wconf 91' lang='lat' dir='ltr'>quod</span> <span class='ocrx_word' id='word_1_43' title='bbox 997 857 1137 941; x_wconf 82' lang='lat' dir='ltr'>undique</span> <span class='ocrx_word' id='word_1_44' title='bbox 1151 856 1269 923; x_wconf 88' lang='lat' dir='ltr'>claudit</span> 
     </span>
     <span class='ocr_line' id='line_1_8' title="bbox 249 941 1268 1029; baseline 0.002 -22"><span class='ocrx_word' id='word_1_45' title='bbox 249 942 339 1008; x_wconf 87' lang='lat' dir='ltr'>silva.</span> <span class='ocrx_word' id='word_1_46' title='bbox 379 953 493 1009; x_wconf 85' lang='lat' dir='ltr'>vocant</span> <span class='ocrx_word' id='word_1_47' title='bbox 510 941 643 1028; x_wconf 83' lang='lat' dir='ltr'>Tempe.</span> <span class='ocrx_word' id='word_1_48' title='bbox 685 964 745 1029; x_wconf 91' lang='lat' dir='ltr'>per</span> <span class='ocrx_word' id='word_1_49' title='bbox 761 963 844 1026; x_wconf 90' lang='lat' dir='ltr'>quae</span> <span class='ocrx_word' id='word_1_50' title='bbox 860 942 988 1008; x_wconf 63' lang='lat' dir='ltr'>Peneus</span> <span class='ocrx_word' id='word_1_51' title='bbox 1006 943 1048 1007; x_wconf 93' lang='lat' dir='ltr'>ab</span> <span class='ocrx_word' id='word_1_52' title='bbox 1064 942 1132 1007; x_wconf 86' lang='lat' dir='ltr'>imo¹</span> <span class='ocrx_word' id='word_1_53' title='bbox 1216 943 1268 1009; x_wconf 84' lang='lat'><strong><em>[1⁰·</em></strong></span> 
     </span>
     <span class='ocr_line' id='line_1_9' title="bbox 250 1027 930 1114; baseline -0.001 -21"><span class='ocrx_word' id='word_1_54' title='bbox 250 1028 370 1093; x_wconf 83' lang='lat' dir='ltr'>effusus</span> <span class='ocrx_word' id='word_1_55' title='bbox 386 1028 492 1094; x_wconf 89' lang='lat' dir='ltr'>Pindo</span> <span class='ocrx_word' id='word_1_56' title='bbox 509 1027 666 1114; x_wconf 79' lang='lat' dir='ltr'>spumosis</span> <span class='ocrx_word' id='word_1_57' title='bbox 682 1027 821 1094; x_wconf 85' lang='lat' dir='ltr'>volvitur</span> <span class='ocrx_word' id='word_1_58' title='bbox 836 1028 930 1092; x_wconf 90' lang='lat' dir='ltr'>undis</span> 
     </span>
    </p>

    <p class='ocr_par' dir='ltr' id='par_1_5' title="bbox 133 1112 1221 4196">
     <span class='ocr_line' id='line_1_10' title="bbox 182 1112 966 1201; baseline 0 -22"><span class='ocrx_word' id='word_1_59' title='bbox 182 1131 232 1180; x_wconf 80' lang='grc'>575</span> <span class='ocrx_word' id='word_1_60' title='bbox 250 1114 437 1197; x_wconf 89' lang='lat' dir='ltr'>deiectuque</span> <span class='ocrx_word' id='word_1_61' title='bbox 454 1114 546 1201; x_wconf 91' lang='lat' dir='ltr'>gravi</span> <span class='ocrx_word' id='word_1_62' title='bbox 563 1125 673 1180; x_wconf 91' lang='lat' dir='ltr'>tenues</span> <span class='ocrx_word' id='word_1_63' title='bbox 691 1112 844 1200; x_wconf 80' lang='lat' dir='ltr'>agitantia</span> <span class='ocrx_word' id='word_1_64' title='bbox 860 1114 966 1179; x_wconf 91' lang='lat' dir='ltr'>fumos</span> 
     </span>
     <span class='ocr_line' id='line_1_11' title="bbox 250 1198 1040 1285; baseline 0 -22"><span class='ocrx_word' id='word_1_65' title='bbox 250 1200 360 1264; x_wconf 89' lang='lat' dir='ltr'>nubila</span> <span class='ocrx_word' id='word_1_66' title='bbox 376 1199 537 1274; x_wconf 81' lang='lat' dir='ltr'>conducit,</span> <span class='ocrx_word' id='word_1_67' title='bbox 557 1199 751 1283; x_wconf 88' lang='lat' dir='ltr'>summisque</span> <span class='ocrx_word' id='word_1_68' title='bbox 768 1199 935 1285; x_wconf 84' lang='lat' dir='ltr'>aspergine</span> <span class='ocrx_word' id='word_1_69' title='bbox 952 1198 1040 1265; x_wconf 90' lang='lat' dir='ltr'>silvis</span> 
     </span>
     <span class='ocr_line' id='line_1_12' title="bbox 133 1284 1011 1371; baseline 0 -22"><span class='ocrx_word' id='word_1_70' title='bbox 133 1292 135 1295; x_wconf 78' lang='grc'>’</span> <span class='ocrx_word' id='word_1_71' title='bbox 249 1285 374 1371; x_wconf 90' lang='lat' dir='ltr'>impluit</span> <span class='ocrx_word' id='word_1_72' title='bbox 391 1296 424 1351; x_wconf 92' lang='lat' dir='ltr'>et</span> <span class='ocrx_word' id='word_1_73' title='bbox 440 1285 545 1350; x_wconf 83' lang='lat' dir='ltr'>sonit&#39;u</span> <span class='ocrx_word' id='word_1_74' title='bbox 562 1285 634 1371; x_wconf 92' lang='lat' dir='ltr'>plus</span> <span class='ocrx_word' id='word_1_75' title='bbox 651 1307 749 1370; x_wconf 91' lang='lat' dir='ltr'>quam</span> <span class='ocrx_word' id='word_1_76' title='bbox 765 1284 870 1349; x_wconf 85' lang='lat' dir='ltr'>vicina</span> <span class='ocrx_word' id='word_1_77' title='bbox 886 1284 1011 1370; x_wconf 86' lang='lat' dir='ltr'>fatigat.</span> 
     </span>
     <span class='ocr_line' id='line_1_13' title="bbox 249 1369 1198 1457; baseline -0.001 -22"><span class='ocrx_word' id='word_1_78' title='bbox 249 1370 329 1436; x_wconf 90' lang='lat' dir='ltr'>haec</span> <span class='ocrx_word' id='word_1_79' title='bbox 347 1370 474 1446; x_wconf 89' lang='lat' dir='ltr'>domus,</span> <span class='ocrx_word' id='word_1_80' title='bbox 492 1370 570 1435; x_wconf 90' lang='lat' dir='ltr'>haec</span> <span class='ocrx_word' id='word_1_81' title='bbox 588 1369 693 1448; x_wconf 86' lang='lat' dir='ltr'>sedes,</span> <span class='ocrx_word' id='word_1_82' title='bbox 711 1370 790 1436; x_wconf 91' lang='lat' dir='ltr'>haec</span> <span class='ocrx_word' id='word_1_83' title='bbox 807 1381 881 1435; x_wconf 90' lang='lat' dir='ltr'>sunt</span> <span class='ocrx_word' id='word_1_84' title='bbox 898 1369 1072 1455; x_wconf 85' lang='lat' dir='ltr'>penetralia</span> <span class='ocrx_word' id='word_1_85' title='bbox 1088 1369 1198 1457; x_wconf 87' lang='lat' dir='ltr'>magni</span> 
     </span>
     <span class='ocr_line' id='line_1_14' title="bbox 249 1454 1082 1532; baseline 0 -13"><span class='ocrx_word' id='word_1_86' title='bbox 249 1455 379 1532; x_wconf 88' lang='lat' dir='ltr'>Amnis;</span> <span class='ocrx_word' id='word_1_87' title='bbox 396 1457 429 1520; x_wconf 92' lang='lat' dir='ltr'>in</span> <span class='ocrx_word' id='word_1_88' title='bbox 447 1454 495 1519; x_wconf 94' lang='lat' dir='ltr'>his</span> <span class='ocrx_word' id='word_1_89' title='bbox 512 1455 653 1521; x_wconf 84' lang='lat' dir='ltr'>residens</span> <span class='ocrx_word' id='word_1_90' title='bbox 669 1455 755 1522; x_wconf 89' lang='lat' dir='ltr'>facto</span> <span class='ocrx_word' id='word_1_91' title='bbox 773 1455 813 1522; x_wconf 87' lang='lat' dir='ltr'>de</span> <span class='ocrx_word' id='word_1_92' title='bbox 831 1456 975 1521; x_wconf 89' lang='lat' dir='ltr'>cautibus</span> <span class='ocrx_word' id='word_1_93' title='bbox 992 1467 1082 1521; x_wconf 87' lang='lat' dir='ltr'>antro</span> 
     </span>
     <span class='ocr_line' id='line_1_15' title="bbox 182 1540 1095 1692; baseline -0.003 -83"><span class='ocrx_word' id='word_1_94' title='bbox 182 1558 231 1610; x_wconf 80' lang='grc'>575</span> <span class='ocrx_word' id='word_1_95' title='bbox 248 1541 342 1606; x_wconf 90' lang='lat' dir='ltr'>undis</span> <span class='ocrx_word' id='word_1_96' title='bbox 359 1542 430 1606; x_wconf 90' lang='lat' dir='ltr'>iura</span> <span class='ocrx_word' id='word_1_97' title='bbox 447 1540 544 1606; x_wconf 86' lang='lat' dir='ltr'>dabat</span> <span class='ocrx_word' id='word_1_98' title='bbox 559 1540 771 1692; x_wconf 71' lang='lat' dir='ltr'>nymphisque</span> <span class='ocrx_word' id='word_1_99' title='bbox 789 1540 963 1607; x_wconf 90' lang='lat' dir='ltr'>colentibus</span> <span class='ocrx_word' id='word_1_100' title='bbox 980 1541 1095 1606; x_wconf 88' lang='lat' dir='ltr'>undas.</span> 
     </span>
     <span class='ocr_line' id='line_1_16' title="bbox 249 1626 1026 1713; baseline -0.003 -20"><span class='ocrx_word' id='word_1_101' title='bbox 249 1627 440 1693; x_wconf 87' lang='lat' dir='ltr'>conveniunt</span> <span class='ocrx_word' id='word_1_102' title='bbox 456 1627 532 1693; x_wconf 91' lang='lat' dir='ltr'>illuc</span> <span class='ocrx_word' id='word_1_103' title='bbox 548 1649 634 1713; x_wconf 92' lang='lat' dir='ltr'>popu</span> <span class='ocrx_word' id='word_1_104' title='bbox 647 1626 714 1692; x_wconf 89' lang='lat' dir='ltr'>aria</span> <span class='ocrx_word' id='word_1_105' title='bbox 729 1626 862 1692; x_wconf 90' lang='lat' dir='ltr'>flumina</span> <span class='ocrx_word' id='word_1_106' title='bbox 877 1626 1026 1713; x_wconf 90' lang='lat' dir='ltr'>primum,</span> 
     </span>
     <span class='ocr_line' id='line_1_17' title="bbox 249 1711 985 1799; baseline 0.004 -23"><span class='ocrx_word' id='word_1_107' title='bbox 249 1711 356 1779; x_wconf 90' lang='lat' dir='ltr'>nescia</span> <span class='ocrx_word' id='word_1_108' title='bbox 373 1721 537 1799; x_wconf 83' lang='lat' dir='ltr'>gratentur</span> <span class='ocrx_word' id='word_1_109' title='bbox 553 1713 795 1779; x_wconf 88' lang='lat' dir='ltr'>consolenturne</span> <span class='ocrx_word' id='word_1_110' title='bbox 811 1723 985 1798; x_wconf 89' lang='lat' dir='ltr'>parentem,</span> 
     </span>
     <span class='ocr_line' id='line_1_18' title="bbox 249 1796 1015 1884; baseline 0.003 -23"><span class='ocrx_word' id='word_1_111' title='bbox 249 1797 408 1884; x_wconf 79' lang='lat' dir='ltr'>populifer</span> <span class='ocrx_word' id='word_1_112' title='bbox 426 1796 595 1884; x_wconf 89' lang='lat' dir='ltr'>Sperchios</span> <span class='ocrx_word' id='word_1_113' title='bbox 613 1809 645 1864; x_wconf 91' lang='lat' dir='ltr'>et</span> <span class='ocrx_word' id='word_1_114' title='bbox 661 1799 855 1883; x_wconf 89' lang='lat' dir='ltr'>inrequietus</span> <span class='ocrx_word' id='word_1_115' title='bbox 872 1797 1015 1884; x_wconf 83' lang='lat' dir='ltr'>Enipeus</span> 
     </span>
     <span class='ocr_line' id='line_1_19' title="bbox 248 1883 1141 1970; baseline 0.001 -22"><span class='ocrx_word' id='word_1_116' title='bbox 248 1883 481 1970; x_wconf 84' lang='lat' dir='ltr'>Apidanusque</span> <span class='ocrx_word' id='word_1_117' title='bbox 499 1906 596 1950; x_wconf 90' lang='lat' dir='ltr'>senex</span> <span class='ocrx_word' id='word_1_118' title='bbox 612 1885 756 1968; x_wconf 87' lang='lat' dir='ltr'>lenisque</span> <span class='ocrx_word' id='word_1_119' title='bbox 773 1884 837 1948; x_wconf 88' lang='lat' dir='ltr'>Am</span> <span class='ocrx_word' id='word_1_120' title='bbox 861 1883 973 1969; x_wconf 85' lang='lat' dir='ltr'>hrysus</span> <span class='ocrx_word' id='word_1_121' title='bbox 991 1896 1023 1949; x_wconf 91' lang='lat' dir='ltr'>et</span> <span class='ocrx_word' id='word_1_122' title='bbox 1039 1884 1141 1963; x_wconf 78' lang='lat' dir='ltr'>Aeas3</span> 
     </span>
     <span class='ocr_line' id='line_1_20' title="bbox 180 1969 1125 2054; baseline -0.003 -16"><span class='ocrx_word' id='word_1_123' title='bbox 180 1987 232 2039; x_wconf 86' lang='grc'>555</span> <span class='ocrx_word' id='word_1_124' title='bbox 249 1991 388 2054; x_wconf 86' lang='lat' dir='ltr'>moxque</span> <span class='ocrx_word' id='word_1_125' title='bbox 405 1970 528 2036; x_wconf 89' lang='lat' dir='ltr'>Amnes</span> <span class='ocrx_word' id='word_1_126' title='bbox 545 1970 612 2047; x_wconf 90' lang='lat' dir='ltr'>alii,</span> <span class='ocrx_word' id='word_1_127' title='bbox 630 1970 701 2054; x_wconf 91' lang='lat' dir='ltr'>qui,</span> <span class='ocrx_word' id='word_1_128' title='bbox 720 1991 785 2053; x_wconf 93' lang='lat' dir='ltr'>qua</span> <span class='ocrx_word' id='word_1_129' title='bbox 802 1980 814 2034; x_wconf 91' lang='lat' dir='ltr'>t</span> <span class='ocrx_word' id='word_1_130' title='bbox 849 1969 873 2034; x_wconf 82' lang='lat' dir='ltr'>’t</span> <span class='ocrx_word' id='word_1_131' title='bbox 889 1970 933 2034; x_wconf 89' lang='lat' dir='ltr'>im</span> <span class='ocrx_word' id='word_1_132' title='bbox 957 1981 1026 2034; x_wconf 91' lang='lat' dir='ltr'>etus</span> <span class='ocrx_word' id='word_1_133' title='bbox 1043 1969 1125 2049; x_wconf 90' lang='lat' dir='ltr'>illos,</span> 
     </span>
     <span class='ocr_line' id='line_1_21' title="bbox 248 1991 988 2122; baseline -0.003 -1"><span class='ocrx_word' id='word_1_134' title='bbox 248 2057 282 2121; x_wconf 91' lang='lat' dir='ltr'>in</span> <span class='ocrx_word' id='word_1_135' title='bbox 299 2078 386 2121; x_wconf 90' lang='lat' dir='ltr'>mare</span> <span class='ocrx_word' id='word_1_136' title='bbox 404 2054 565 2122; x_wconf 86' lang='lat' dir='ltr'>deducunt</span> <span class='ocrx_word' id='word_1_137' title='bbox 582 2056 682 2122; x_wconf 85' lang='lat' dir='ltr'>fessas</span> <span class='ocrx_word' id='word_1_138' title='bbox 700 2055 859 2121; x_wconf 90' lang='lat' dir='ltr'>erroribus</span> <span class='ocrx_word' id='word_1_139' title='bbox 876 1991 988 2120; x_wconf 64' lang='lat' dir='ltr'>nullas.</span> 
     </span>
     <span class='ocr_line' id='line_1_22' title="bbox 248 2139 1047 2226; baseline -0.001 -21"><span class='ocrx_word' id='word_1_140' title='bbox 248 2139 387 2207; x_wconf 86' lang='lat' dir='ltr'>Inachus</span> <span class='ocrx_word' id='word_1_141' title='bbox 405 2163 487 2206; x_wconf 92' lang='lat' dir='ltr'>unus</span> <span class='ocrx_word' id='word_1_142' title='bbox 505 2141 595 2207; x_wconf 91' lang='lat' dir='ltr'>abest</span> <span class='ocrx_word' id='word_1_143' title='bbox 614 2142 743 2226; x_wconf 87' lang='lat' dir='ltr'>imoque</span> <span class='ocrx_word' id='word_1_144' title='bbox 760 2139 940 2206; x_wconf 89' lang='lat' dir='ltr'>reconditus</span> <span class='ocrx_word' id='word_1_145' title='bbox 957 2150 1047 2205; x_wconf 88' lang='lat' dir='ltr'>antro</span> 
     </span>
     <span class='ocr_line' id='line_1_23' title="bbox 249 2226 1060 2314; baseline 0 -22"><span class='ocrx_word' id='word_1_146' title='bbox 249 2226 375 2293; x_wconf 86' lang='lat' dir='ltr'>fletibus</span> <span class='ocrx_word' id='word_1_147' title='bbox 393 2239 490 2314; x_wconf 85' lang='lat' dir='ltr'>auget</span> <span class='ocrx_word' id='word_1_148' title='bbox 507 2248 606 2311; x_wconf 91' lang='lat' dir='ltr'>aquas</span> <span class='ocrx_word' id='word_1_149' title='bbox 623 2240 795 2311; x_wconf 88' lang='lat' dir='ltr'>natamque</span> <span class='ocrx_word' id='word_1_150' title='bbox 812 2226 1005 2292; x_wconf 89' lang='lat' dir='ltr'>miserrimus</span> <span class='ocrx_word' id='word_1_151' title='bbox 1022 2226 1060 2292; x_wconf 92' lang='lat' dir='ltr'>Io</span> 
     </span>
     <span class='ocr_line' id='line_1_24' title="bbox 248 2312 990 2399; baseline -0.003 -21"><span class='ocrx_word' id='word_1_152' title='bbox 248 2313 337 2399; x_wconf 88' lang='lat' dir='ltr'>luget</span> <span class='ocrx_word' id='word_1_153' title='bbox 354 2323 390 2378; x_wconf 90' lang='lat' dir='ltr'>ut</span> <span class='ocrx_word' id='word_1_154' title='bbox 407 2313 565 2378; x_wconf 90' lang='lat' dir='ltr'>amissam.</span> <span class='ocrx_word' id='word_1_155' title='bbox 608 2314 723 2389; x_wconf 88' lang='lat' dir='ltr'>nescit,</span> <span class='ocrx_word' id='word_1_156' title='bbox 742 2312 848 2378; x_wconf 86' lang='lat' dir='ltr'>vitane</span> <span class='ocrx_word' id='word_1_157' title='bbox 865 2313 990 2377; x_wconf 87' lang='lat' dir='ltr'>fruatur</span> 
     </span>
     <span class='ocr_line' id='line_1_25' title="bbox 181 2396 1183 2485; baseline -0.002 -19"><span class='ocrx_word' id='word_1_158' title='bbox 181 2414 231 2468; x_wconf 85' lang='grc'>585</span> <span class='ocrx_word' id='word_1_159' title='bbox 249 2398 347 2463; x_wconf 87' lang='lat' dir='ltr'>ausit</span> <span class='ocrx_word' id='word_1_160' title='bbox 365 2399 452 2485; x_wconf 89' lang='lat' dir='ltr'>apud</span> <span class='ocrx_word' id='word_1_161' title='bbox 466 2396 592 2460; x_wconf 88' lang='lat' dir='ltr'>Manes.</span> <span class='ocrx_word' id='word_1_162' title='bbox 632 2398 689 2463; x_wconf 89' lang='lat' dir='ltr'>sed</span> <span class='ocrx_word' id='word_1_163' title='bbox 706 2419 802 2481; x_wconf 90' lang='lat' dir='ltr'>quam</span> <span class='ocrx_word' id='word_1_164' title='bbox 819 2420 884 2462; x_wconf 89' lang='lat' dir='ltr'>non</span> <span class='ocrx_word' id='word_1_165' title='bbox 900 2397 1022 2463; x_wconf 84' lang='lat' dir='ltr'>invenit</span> <span class='ocrx_word' id='word_1_166' title='bbox 1038 2419 1183 2482; x_wconf 89' lang='lat' dir='ltr'>usquam,</span> 
     </span>
     <span class='ocr_line' id='line_1_26' title="bbox 249 2483 1115 2569; baseline 0 -19"><span class='ocrx_word' id='word_1_167' title='bbox 249 2506 318 2550; x_wconf 91' lang='lat' dir='ltr'>esse</span> <span class='ocrx_word' id='word_1_168' title='bbox 335 2494 427 2569; x_wconf 90' lang='lat' dir='ltr'>putat</span> <span class='ocrx_word' id='word_1_169' title='bbox 443 2504 600 2566; x_wconf 87' lang='lat' dir='ltr'>nusquam</span> <span class='ocrx_word' id='word_1_170' title='bbox 618 2495 714 2566; x_wconf 88' lang='lat' dir='ltr'>atque</span> <span class='ocrx_word' id='word_1_171' title='bbox 732 2483 837 2547; x_wconf 90' lang='lat' dir='ltr'>animo</span> <span class='ocrx_word' id='word_1_172' title='bbox 854 2483 962 2569; x_wconf 89' lang='lat' dir='ltr'>peiora</span> <span class='ocrx_word' id='word_1_173' title='bbox 978 2495 1115 2550; x_wconf 84' lang='lat' dir='ltr'>veretur.</span> 
     </span>
     <span class='ocr_line' id='line_1_27' title="bbox 248 2567 993 2654; baseline 0.001 -22"><span class='ocrx_word' id='word_1_174' title='bbox 248 2568 371 2633; x_wconf 86' lang='lat' dir='ltr'>viderat</span> <span class='ocrx_word' id='word_1_175' title='bbox 388 2592 408 2633; x_wconf 93' lang='lat' dir='ltr'>a</span> <span class='ocrx_word' id='word_1_176' title='bbox 424 2567 526 2654; x_wconf 87' lang='lat' dir='ltr'>patrio</span> <span class='ocrx_word' id='word_1_177' title='bbox 544 2568 727 2633; x_wconf 86' lang='lat' dir='ltr'>redeuntem</span> <span class='ocrx_word' id='word_1_178' title='bbox 746 2569 890 2654; x_wconf 91' lang='lat' dir='ltr'>Iuppiter</span> <span class='ocrx_word' id='word_1_179' title='bbox 906 2568 993 2633; x_wconf 90' lang='lat' dir='ltr'>illam</span> 
     </span>
     <span class='ocr_line' id='line_1_28' title="bbox 247 2653 1089 2739; baseline 0.001 -21"><span class='ocrx_word' id='word_1_180' title='bbox 247 2653 378 2719; x_wconf 86' lang='lat' dir='ltr'>flumine</span> <span class='ocrx_word' id='word_1_181' title='bbox 396 2665 428 2719; x_wconf 88' lang='lat' dir='ltr'>et</span> <span class='ocrx_word' id='word_1_182' title='bbox 444 2660 479 2718; x_wconf 89' lang='lat'>‘0</span> <span class='ocrx_word' id='word_1_183' title='bbox 497 2653 587 2738; x_wconf 79' lang='lat' dir='ltr'>virgo</span> <span class='ocrx_word' id='word_1_184' title='bbox 605 2653 682 2718; x_wconf 90' lang='lat' dir='ltr'>Iove</span> <span class='ocrx_word' id='word_1_185' title='bbox 700 2654 807 2739; x_wconf 90' lang='lat' dir='ltr'>digna,</span> <span class='ocrx_word' id='word_1_186' title='bbox 825 2666 943 2738; x_wconf 90' lang='lat' dir='ltr'>tuoque</span> <span class='ocrx_word' id='word_1_187' title='bbox 961 2654 1089 2719; x_wconf 90' lang='lat' dir='ltr'>beatum</span> 
     </span>
     <span class='ocr_line' id='line_1_29' title="bbox 175 2738 1111 2825; baseline 0.002 -22"><span class='ocrx_word' id='word_1_188' title='bbox 175 2747 178 2762; x_wconf 82' lang='lat'><strong>¹</strong></span> <span class='ocrx_word' id='word_1_189' title='bbox 247 2739 354 2805; x_wconf 89' lang='lat' dir='ltr'>nescio</span> <span class='ocrx_word' id='word_1_190' title='bbox 372 2759 468 2822; x_wconf 92' lang='lat' dir='ltr'>quem</span> <span class='ocrx_word' id='word_1_191' title='bbox 484 2738 608 2804; x_wconf 89' lang='lat' dir='ltr'>factura</span> <span class='ocrx_word' id='word_1_192' title='bbox 624 2750 703 2815; x_wconf 91' lang='lat' dir='ltr'>toro,</span> <span class='ocrx_word' id='word_1_193' title='bbox 721 2739 808 2825; x_wconf 87' lang='lat' dir='ltr'>pete&#39;</span> <span class='ocrx_word' id='word_1_194' title='bbox 827 2739 950 2805; x_wconf 79' lang='lat' dir='ltr'>dixerat</span> <span class='ocrx_word' id='word_1_195' title='bbox 968 2740 1111 2805; x_wconf 88' lang='lat' dir='ltr'>‘umbras</span> 
     </span>
     <span class='ocr_line' id='line_1_30' title="bbox 180 2824 1221 2906; baseline -0.002 -12"><span class='ocrx_word' id='word_1_196' title='bbox 180 2844 231 2894; x_wconf 86' lang='grc'>595</span> <span class='ocrx_word' id='word_1_197' title='bbox 249 2825 384 2889; x_wconf 92' lang='lat' dir='ltr'>altorum</span> <span class='ocrx_word' id='word_1_198' title='bbox 401 2824 586 2901; x_wconf 86' lang='lat' dir='ltr'>nemorum,’</span> <span class='ocrx_word' id='word_1_199' title='bbox 604 2837 635 2889; x_wconf 90' lang='lat' dir='ltr'>et</span> <span class='ocrx_word' id='word_1_200' title='bbox 651 2847 816 2889; x_wconf 88' lang='lat' dir='ltr'>nemorum</span> <span class='ocrx_word' id='word_1_201' title='bbox 834 2836 1065 2890; x_wconf 87' lang='lat' dir='ltr'>monstraverat</span> <span class='ocrx_word' id='word_1_202' title='bbox 1082 2826 1221 2906; x_wconf 86' lang='lat' dir='ltr'>umbras,</span> 
     </span>
     <span class='ocr_line' id='line_1_31' title="bbox 216 2909 1046 2988; baseline 0.002 -15"><span class='ocrx_word' id='word_1_203' title='bbox 216 2921 218 2926; x_wconf 75' lang='grc'>’</span> <span class='ocrx_word' id='word_1_204' title='bbox 248 2910 339 2974; x_wconf 84' lang='lat' dir='ltr'>‘dum</span> <span class='ocrx_word' id='word_1_205' title='bbox 358 2910 453 2988; x_wconf 88' lang='lat' dir='ltr'>calet,</span> <span class='ocrx_word' id='word_1_206' title='bbox 470 2920 503 2976; x_wconf 91' lang='lat' dir='ltr'>et</span> <span class='ocrx_word' id='word_1_207' title='bbox 518 2909 624 2976; x_wconf 91' lang='lat' dir='ltr'>medio</span> <span class='ocrx_word' id='word_1_208' title='bbox 642 2910 689 2976; x_wconf 92' lang='lat' dir='ltr'>sol</span> <span class='ocrx_word' id='word_1_209' title='bbox 707 2921 755 2976; x_wconf 89' lang='lat' dir='ltr'>est</span> <span class='ocrx_word' id='word_1_210' title='bbox 773 2910 942 2976; x_wconf 88' lang='lat' dir='ltr'>altissimus</span> <span class='ocrx_word' id='word_1_211' title='bbox 960 2911 1046 2977; x_wconf 87' lang='lat' dir='ltr'>orbe.</span> 
     </span>
     <span class='ocr_line' id='line_1_32' title="bbox 248 2994 1012 3079; baseline 0 -19"><span class='ocrx_word' id='word_1_212' title='bbox 248 2994 361 3079; x_wconf 91' lang='lat' dir='ltr'>quodsi</span> <span class='ocrx_word' id='word_1_213' title='bbox 379 2997 447 3060; x_wconf 90' lang='lat' dir='ltr'>sola</span> <span class='ocrx_word' id='word_1_214' title='bbox 463 2996 555 3060; x_wconf 88' lang='lat' dir='ltr'>times</span> <span class='ocrx_word' id='word_1_215' title='bbox 571 2996 711 3061; x_wconf 91' lang='lat' dir='ltr'>latebras</span> <span class='ocrx_word' id='word_1_216' title='bbox 728 2996 845 3062; x_wconf 88' lang='lat' dir='ltr'>intrare</span> <span class='ocrx_word' id='word_1_217' title='bbox 862 2995 1012 3073; x_wconf 90' lang='lat' dir='ltr'>ferarum,</span> 
     </span>
     <span class='ocr_line' id='line_1_33' title="bbox 247 3081 1025 3166; baseline -0.001 -20"><span class='ocrx_word' id='word_1_218' title='bbox 247 3081 391 3166; x_wconf 90' lang='lat' dir='ltr'>praeside</span> <span class='ocrx_word' id='word_1_219' title='bbox 409 3092 478 3145; x_wconf 90' lang='lat' dir='ltr'>tuta</span> <span class='ocrx_word' id='word_1_220' title='bbox 495 3082 555 3146; x_wconf 89' lang='lat' dir='ltr'>deo</span> <span class='ocrx_word' id='word_1_221' title='bbox 572 3103 737 3147; x_wconf 90' lang='lat' dir='ltr'>nemorum</span> <span class='ocrx_word' id='word_1_222' title='bbox 755 3094 877 3147; x_wconf 88' lang='lat' dir='ltr'>secreta</span> <span class='ocrx_word' id='word_1_223' title='bbox 893 3082 1025 3159; x_wconf 87' lang='lat' dir='ltr'>subibis,</span> 
     </span>
     <span class='ocr_line' id='line_1_34' title="bbox 247 3166 1008 3253; baseline 0.004 -24"><span class='ocrx_word' id='word_1_224' title='bbox 247 3187 307 3232; x_wconf 92' lang='lat' dir='ltr'>nec</span> <span class='ocrx_word' id='word_1_225' title='bbox 325 3166 364 3232; x_wconf 90' lang='lat' dir='ltr'>de</span> <span class='ocrx_word' id='word_1_226' title='bbox 381 3166 475 3253; x_wconf 91' lang='lat' dir='ltr'>plebe</span> <span class='ocrx_word' id='word_1_227' title='bbox 492 3166 563 3243; x_wconf 88' lang='lat' dir='ltr'>deo,</span> <span class='ocrx_word' id='word_1_228' title='bbox 581 3167 636 3232; x_wconf 89' lang='lat' dir='ltr'>sed</span> <span class='ocrx_word' id='word_1_229' title='bbox 655 3166 711 3250; x_wconf 90' lang='lat' dir='ltr'>qui</span> <span class='ocrx_word' id='word_1_230' title='bbox 727 3166 875 3233; x_wconf 90' lang='lat' dir='ltr'>caelestia</span> <span class='ocrx_word' id='word_1_231' title='bbox 891 3190 1008 3252; x_wconf 90' lang='lat' dir='ltr'>magna</span> 
     </span>
     <span class='ocr_line' id='line_1_35' title="bbox 179 3251 1122 3339; baseline -0.003 -18"><span class='ocrx_word' id='word_1_232' title='bbox 179 3270 229 3321; x_wconf 84' lang='grc'>555</span> <span class='ocrx_word' id='word_1_233' title='bbox 248 3262 372 3339; x_wconf 87' lang='lat' dir='ltr'>sceptra</span> <span class='ocrx_word' id='word_1_234' title='bbox 388 3275 485 3316; x_wconf 91' lang='lat' dir='ltr'>manu</span> <span class='ocrx_word' id='word_1_235' title='bbox 503 3263 608 3328; x_wconf 90' lang='lat' dir='ltr'>teneo,</span> <span class='ocrx_word' id='word_1_236' title='bbox 627 3253 683 3317; x_wconf 90' lang='lat' dir='ltr'>sed</span> <span class='ocrx_word' id='word_1_237' title='bbox 700 3253 756 3335; x_wconf 93' lang='lat' dir='ltr'>qui</span> <span class='ocrx_word' id='word_1_238' title='bbox 772 3274 856 3338; x_wconf 84' lang='lat' dir='ltr'>vaga</span> <span class='ocrx_word' id='word_1_239' title='bbox 872 3251 1006 3317; x_wconf 86' lang='lat' dir='ltr'>fulmina</span> <span class='ocrx_word' id='word_1_240' title='bbox 1023 3251 1122 3318; x_wconf 88' lang='lat' dir='ltr'>mitto.</span> 
     </span>
     <span class='ocr_line' id='line_1_36' title="bbox 247 3335 1140 3423; baseline 0.003 -22"><span class='ocrx_word' id='word_1_241' title='bbox 247 3360 287 3401; x_wconf 92' lang='lat' dir='ltr'>ne</span> <span class='ocrx_word' id='word_1_242' title='bbox 304 3335 382 3423; x_wconf 90' lang='lat' dir='ltr'>fuge</span> <span class='ocrx_word' id='word_1_243' title='bbox 399 3336 479 3403; x_wconf 83' lang='lat' dir='ltr'>mel’</span> <span class='ocrx_word' id='word_1_244' title='bbox 497 3336 641 3422; x_wconf 89' lang='lat' dir='ltr'>fugiebat</span> <span class='ocrx_word' id='word_1_245' title='bbox 659 3338 754 3402; x_wconf 91' lang='lat' dir='ltr'>enim.</span> <span class='ocrx_word' id='word_1_246' title='bbox 797 3337 860 3402; x_wconf 90' lang='lat' dir='ltr'>iam</span> <span class='ocrx_word' id='word_1_247' title='bbox 877 3360 996 3423; x_wconf 92' lang='lat' dir='ltr'>pascua</span> <span class='ocrx_word' id='word_1_248' title='bbox 1014 3339 1140 3404; x_wconf 88' lang='lat' dir='ltr'>Lernae</span> 
     </span>
     <span class='ocr_line' id='line_1_37' title="bbox 248 3422 1046 3508; baseline 0.001 -21"><span class='ocrx_word' id='word_1_249' title='bbox 248 3423 431 3506; x_wconf 89' lang='lat' dir='ltr'>consitaque</span> <span class='ocrx_word' id='word_1_250' title='bbox 448 3422 613 3488; x_wconf 91' lang='lat' dir='ltr'>arboribus</span> <span class='ocrx_word' id='word_1_251' title='bbox 630 3422 757 3508; x_wconf 88' lang='lat' dir='ltr'>Lyrcea</span> <span class='ocrx_word' id='word_1_252' title='bbox 773 3423 942 3507; x_wconf 86' lang='lat' dir='ltr'>reliquerat</span> <span class='ocrx_word' id='word_1_253' title='bbox 960 3447 1046 3501; x_wconf 91' lang='lat' dir='ltr'>arva,</span> 
     </span>
     <span class='ocr_line' id='line_1_38' title="bbox 247 3507 927 3593; baseline 0 -20"><span class='ocrx_word' id='word_1_254' title='bbox 247 3530 320 3573; x_wconf 90' lang='lat' dir='ltr'>cum</span> <span class='ocrx_word' id='word_1_255' title='bbox 337 3508 416 3573; x_wconf 90' lang='lat' dir='ltr'>deus</span> <span class='ocrx_word' id='word_1_256' title='bbox 432 3507 562 3573; x_wconf 88' lang='lat' dir='ltr'>inducta</span> <span class='ocrx_word' id='word_1_257' title='bbox 578 3509 658 3572; x_wconf 90' lang='lat' dir='ltr'>latas</span> <span class='ocrx_word' id='word_1_258' title='bbox 677 3509 812 3593; x_wconf 88' lang='lat' dir='ltr'>caligine</span> <span class='ocrx_word' id='word_1_259' title='bbox 828 3521 927 3573; x_wconf 89' lang='lat' dir='ltr'>terras</span> 
     </span>
     <span class='ocr_line' id='line_1_39' title="bbox 247 3593 1059 3679; baseline 0.005 -22"><span class='ocrx_word' id='word_1_260' title='bbox 247 3593 385 3658; x_wconf 88' lang='lat' dir='ltr'>occuluit</span> <span class='ocrx_word' id='word_1_261' title='bbox 402 3593 564 3677; x_wconf 89' lang='lat' dir='ltr'>tenuitque</span> <span class='ocrx_word' id='word_1_262' title='bbox 582 3594 692 3678; x_wconf 87' lang='lat' dir='ltr'>fugam</span> <span class='ocrx_word' id='word_1_263' title='bbox 710 3594 877 3678; x_wconf 90' lang='lat' dir='ltr'>rapuitque</span> <span class='ocrx_word' id='word_1_264' title='bbox 894 3594 1059 3679; x_wconf 76' lang='lat' dir='ltr'>pudorem.</span> 
     </span>
     <span class='ocr_line' id='line_1_40' title="bbox 178 3678 935 3764; baseline -0.008 -16"><span class='ocrx_word' id='word_1_265' title='bbox 178 3698 230 3748; x_wconf 85' lang='grc'>555</span> <span class='ocrx_word' id='word_1_266' title='bbox 246 3678 367 3743; x_wconf 87' lang='lat' dir='ltr'>interea</span> <span class='ocrx_word' id='word_1_267' title='bbox 383 3679 503 3745; x_wconf 90' lang='lat' dir='ltr'>medios</span> <span class='ocrx_word' id='word_1_268' title='bbox 520 3678 602 3742; x_wconf 91' lang='lat' dir='ltr'>Iuno</span> <span class='ocrx_word' id='word_1_269' title='bbox 621 3678 766 3764; x_wconf 89' lang='lat' dir='ltr'>despexit</span> <span class='ocrx_word' id='word_1_270' title='bbox 781 3679 815 3742; x_wconf 93' lang='lat' dir='ltr'>in</span> <span class='ocrx_word' id='word_1_271' title='bbox 832 3701 935 3764; x_wconf 87' lang='lat' dir='ltr'>agros,</span> 
     </span>
     <span class='ocr_line' id='line_1_41' title="bbox 246 3763 969 3830; baseline 0.003 -2"><span class='ocrx_word' id='word_1_272' title='bbox 246 3776 278 3828; x_wconf 89' lang='lat' dir='ltr'>et</span> <span class='ocrx_word' id='word_1_273' title='bbox 294 3763 395 3828; x_wconf 89' lang='lat' dir='ltr'>noctis</span> <span class='ocrx_word' id='word_1_274' title='bbox 412 3763 526 3829; x_wconf 90' lang='lat' dir='ltr'>faciem</span> <span class='ocrx_word' id='word_1_275' title='bbox 543 3763 676 3829; x_wconf 90' lang='lat' dir='ltr'>nebulas</span> <span class='ocrx_word' id='word_1_276' title='bbox 695 3764 807 3829; x_wconf 91' lang='lat' dir='ltr'>fecisse</span> <span class='ocrx_word' id='word_1_277' title='bbox 825 3765 969 3830; x_wconf 88' lang='lat' dir='ltr'>volucres</span> 
     </span>
     <span class='ocr_line' id='line_1_42' title="bbox 246 3848 960 3926; baseline 0.003 -13"><span class='ocrx_word' id='word_1_278' title='bbox 246 3848 307 3914; x_wconf 89' lang='lat' dir='ltr'>sub</span> <span class='ocrx_word' id='word_1_279' title='bbox 323 3849 424 3914; x_wconf 91' lang='lat' dir='ltr'>nitido</span> <span class='ocrx_word' id='word_1_280' title='bbox 441 3850 554 3914; x_wconf 86' lang='lat' dir='ltr'>mirata</span> <span class='ocrx_word' id='word_1_281' title='bbox 571 3849 636 3926; x_wconf 89' lang='lat' dir='ltr'>die,</span> <span class='ocrx_word' id='word_1_282' title='bbox 653 3871 718 3914; x_wconf 91' lang='lat' dir='ltr'>non</span> <span class='ocrx_word' id='word_1_283' title='bbox 735 3849 874 3914; x_wconf 89' lang='lat' dir='ltr'>fluminis</span> <span class='ocrx_word' id='word_1_284' title='bbox 890 3850 960 3915; x_wconf 90' lang='lat' dir='ltr'>illas</span> 
     </span>
     <span class='ocr_line' id='line_1_43' title="bbox 246 3935 917 4013; baseline 0 -13"><span class='ocrx_word' id='word_1_285' title='bbox 246 3957 315 4001; x_wconf 91' lang='lat' dir='ltr'>esse</span> <span class='ocrx_word' id='word_1_286' title='bbox 332 3956 391 4000; x_wconf 91' lang='lat' dir='ltr'>nec</span> <span class='ocrx_word' id='word_1_287' title='bbox 408 3935 528 4001; x_wconf 90' lang='lat' dir='ltr'>umenti</span> <span class='ocrx_word' id='word_1_288' title='bbox 547 3935 645 4001; x_wconf 88' lang='lat' dir='ltr'>sensit</span> <span class='ocrx_word' id='word_1_289' title='bbox 662 3936 774 4000; x_wconf 90' lang='lat' dir='ltr'>tellure</span> <span class='ocrx_word' id='word_1_290' title='bbox 790 3935 917 4013; x_wconf 89' lang='lat' dir='ltr'>remitti,</span> 
     </span>
     <span class='ocr_line' id='line_1_44' title="bbox 245 4018 1149 4108; baseline 0.003 -23"><span class='ocrx_word' id='word_1_291' title='bbox 245 4032 355 4104; x_wconf 91' lang='lat' dir='ltr'>atque,</span> <span class='ocrx_word' id='word_1_292' title='bbox 373 4043 450 4086; x_wconf 91' lang='lat' dir='ltr'>suus</span> <span class='ocrx_word' id='word_1_293' title='bbox 468 4021 606 4085; x_wconf 90' lang='lat' dir='ltr'>coniunx</span> <span class='ocrx_word' id='word_1_294' title='bbox 623 4021 679 4085; x_wconf 90' lang='lat' dir='ltr'>ubi</span> <span class='ocrx_word' id='word_1_295' title='bbox 697 4018 752 4097; x_wconf 88' lang='lat' dir='ltr'>sit,</span> <span class='ocrx_word' id='word_1_296' title='bbox 770 4020 995 4107; x_wconf 83' lang='lat' dir='ltr'>circumspicit,</span> <span class='ocrx_word' id='word_1_297' title='bbox 1013 4032 1049 4087; x_wconf 93' lang='lat' dir='ltr'>ut</span> <span class='ocrx_word' id='word_1_298' title='bbox 1066 4043 1149 4108; x_wconf 87' lang='lat' dir='ltr'>quae</span> 
     </span>
     <span class='ocr_line' id='line_1_45' title="bbox 178 4105 958 4196; baseline -0.008 -17"><span class='ocrx_word' id='word_1_299' title='bbox 178 4126 227 4179; x_wconf 85' lang='grc'>555</span> <span class='ocrx_word' id='word_1_300' title='bbox 245 4106 392 4196; x_wconf 90' lang='lat' dir='ltr'>deprensi</span> <span class='ocrx_word' id='word_1_301' title='bbox 408 4106 522 4176; x_wconf 88' lang='lat' dir='ltr'>totiens</span> <span class='ocrx_word' id='word_1_302' title='bbox 538 4105 603 4174; x_wconf 89' lang='lat' dir='ltr'>iam</span> <span class='ocrx_word' id='word_1_303' title='bbox 619 4117 727 4175; x_wconf 89' lang='lat' dir='ltr'>nosset</span> <span class='ocrx_word' id='word_1_304' title='bbox 742 4107 829 4175; x_wconf 86' lang='lat' dir='ltr'>forta</span> <span class='ocrx_word' id='word_1_305' title='bbox 844 4107 958 4174; x_wconf 86' lang='lat' dir='ltr'>mariti.</span> 
     </span>
    </p>
   </div>
   <div class='ocr_carea' id='block_1_3' title="bbox 0 0 1404 4500">
    <p class='ocr_par' dir='ltr' id='par_1_6' title="bbox 0 0 1404 4500">
     <span class='ocr_line' id='line_1_46' title="bbox 0 0 1404 4500; baseline 0 1"><span class='ocrx_word' id='word_1_306' title='bbox 0 0 1404 4500; x_wconf 95' lang='lat' dir='ltr'> </span> 
     </span>
    </p>
   </div>
  </div>
 </body>
</html>
