2800 4500
262 264 285 329 2
599 277 633 331 Ρ.
651 275 776 334 OVIDII
792 274 955 333 NASONIS

164 473 172 491 ⁴
263 399 418 488 principio
435 412 566 480 terram,
584 424 624 466 ne
641 423 707 466 non
724 400 864 486 aequalis
881 401 922 466 ab
940 401 1027 466 omni

214 506 246 556 55
263 498 354 572 parte
370 488 467 564 foret,
484 510 536 550 ma
582 488 590 503 '
609 487 749 573 speciem
765 487 953 573 glomeravit
969 488 1002 552 in
1020 487 1115 554 orbis,

264 586 333 638 tum
359 573 440 638 freta
458 510 592 639 diffuditJ
602 572 783 658 rapidisque
801 583 975 639 tumescere
993 573 1094 639 ventis

264 658 356 723 iussit
373 668 405 723 et
421 658 559 724 ambitae
576 658 772 724 circumdare
787 658 881 724 litora
897 669 1008 725 terrae.

265 742 387 808 addidit
404 753 436 809 et
452 741 556 808 fontes
574 754 606 809 et
622 743 897 830 stagnaimmensa
912 745 1073 829 lacusque,

264 830 459 912 fluminaque
477 829 614 914 obliquis
632 829 730 894 cinxit
747 829 881 895 declivia
897 830 985 915 ripis,

214 936 248 984 40
266 937 363 998 quae,
380 915 506 980 diversa
522 914 614 992 locis,
632 914 748 1000 partim
765 914 932 981 sorbentur
948 915 1086 1001 abipsa,

264 1001 299 1066 in
316 1023 403 1067 mare
419 1001 609 1087 perveniunt
625 1000 750 1086 partim,
768 1022 944 1086 campoque
960 1013 1089 1087 recepta

264 1086 418 1152 liberioris
435 1108 537 1171 aquae
554 1107 612 1172 pro
629 1086 706 1171 ripis
723 1085 815 1151 litora
831 1087 968 1171 pulsant.

265 1172 358 1239 iussit
374 1183 407 1238 et
423 1172 552 1238 extendi
569 1193 712 1258 campos,
730 1171 893 1237 subsidere
911 1173 1019 1249 valles,

265 1256 379 1323 fronde
396 1259 461 1344 tegi
480 1257 584 1333 silvas,
602 1257 761 1342 lapidosos
778 1279 909 1342 surgere
924 1269 1058 1324 montes.

215 1364 249 1413 45
265 1355 363 1428 utque
381 1343 463 1409 duae
480 1343 592 1408 dextra
607 1343 731 1408 caelum
746 1341 940 1426 totidemque
957 1343 1084 1410 sinistra

265 1441 356 1518 parte
374 1440 483 1495 secant
499 1450 614 1505 zonae,
632 1429 743 1513 quinta
760 1440 808 1494 est
825 1430 984 1494 ardentior
999 1430 1075 1495 illisa

267 1515 313 1580 sic
330 1537 410 1580 onus
429 1514 586 1581 inclusum
603 1536 736 1585 numero
754 1514 898 1579 distinxit
912 1515 1025 1580 eodem

267 1623 344 1666 cura
362 1600 427 1677 dei,
444 1599 639 1684 totidemque
657 1600 773 1685 plagae
789 1601 901 1665 tellure
918 1611 1113 1685 premuntur.

267 1707 402 1770 quarum
419 1707 502 1769 quae
518 1685 624 1751 media
641 1695 702 1761 est,
720 1706 785 1749 non
802 1697 851 1750 est
868 1684 1047 1751 habitabilis
1064 1694 1168 1751 aestus

216 1792 249 1841 5ο
266 1771 323 1836 nix
339 1771 418 1857 tegit
435 1771 499 1836 alta
516 1770 610 1848 duas3
628 1770 759 1836 totidem
777 1771 859 1836 inter
875 1782 1041 1855 utramque
1057 1770 1174 1836 locavit

266 1857 514 1942 temperiemque
531 1856 618 1923 dedit
634 1856 735 1921 mixta
753 1879 827 1922 cum
843 1856 961 1943 frigore
977 1857 1115 1921 flamma.

266 1942 409 2008 imminet
425 1942 474 2007 his
492 1948 556 2008 adr.
600 1941 670 2026 qui,
688 1954 806 2026 quanto
823 1953 872 2007 est
889 1943 1028 2027 pondere
1045 1953 1148 2008 terrae

265 2027 390 2129 pondus
407 2049 509 2112 aquae
525 2028 642 2106 levius,
660 2039 749 2093 tanto
766 2038 815 2094 est
831 2028 990 2094 onerosior
1006 2026 1084 2114 igni.

226 2130 229 2142 ²
265 2114 330 2179 rlh'c
347 2123 380 2180 et
395 2114 543 2192 nebulas,
559 2114 624 2179 illic
642 2112 813 2180 consistere
829 2114 932 2179 nubes

215 2217 248 2268 55
265 2198 357 2265 iussit
373 2209 406 2266 et
421 2198 577 2265 humanus
594 2210 720 2265 motura
736 2199 875 2265 tonitrua
891 2210 1013 2266 mentes

266 2297 299 2351 et
316 2307 389 2350 cum
405 2284 592 2350 fulminibus
609 2285 762 2351 facientes
779 2285 900 2371 frigora
916 2297 1036 2351 ventos.

266 2370 316 2435 his
333 2390 460 2455 quoque
476 2392 541 2435 non
558 2371 677 2455 passim
692 2371 806 2435 mundi
821 2372 992 2437 fabricator
1009 2369 1190 2436 habendum

267 2461 341 2522 a'e’ra
357 2455 514 2542 permisit3
531 2455 587 2521 vix
602 2478 688 2521 nunc
706 2456 870 2521 obsistitur
884 2456 957 2534 illis,

267 2563 341 2607 cum
358 2563 417 2606 sua
433 2541 568 2626 quisque
585 2551 697 2627 regant
715 2542 839 2608 diverso
856 2543 985 2607 flamina
1002 2551 1113 2619 tractu,
1136 2586 1138 2588 >

216 2646 250 2696 60
267 2626 345 2710 quin
361 2626 481 2692 lanient
497 2627 666 2691 mundum:
684 2637 773 2692 tanta
789 2639 838 2693 est
854 2627 1011 2693 discordia
1027 2627 1171 2694 fratrum.

267 2734 362 2777 eurus
380 2711 421 2776 ad
438 2733 584 2777 auroram
600 2712 830 2796 Nabataeaque
846 2736 946 2800 regna
961 2713 1092 2780 recessit

266 2796 463 2882 Persidaque
481 2808 514 2863 et
529 2797 626 2863 radiis
642 2799 720 2884 iuga
738 2799 867 2864 subdita
881 2799 1053 2864 matutinis.

266 2905 380 2968 vesper
396 2893 442 2960 et,
461 2883 593 2949 occiduo
609 2905 692 2967 quae
709 2884 801 2949 litora
817 2885 883 2950 sole
900 2895 1075 2971 tepescunt,

266 2967 411 3117 proxima
428 2980 501 3034 sunt
518 2970 673 3055 zephyro:
692 2968 857 3056 Scythiam
874 2984 1058 3056 septemque
1076 2970 1193 3038 triones

216 3075 249 3125 65
290 3053 402 3119 orrifer
418 3054 534 3119 invasit
551 3055 673 3120 boreas.
718 3056 875 3121 contraria
892 3056 985 3122 tellus
1072 3133 1078 3144 ἱ

266 3138 404 3204 nubibus
423 3139 557 3205 assiduis
574 3141 746 3226 pluvioque
763 3142 916 3207 madescit
932 3142 973 3206 ab
991 3152 1107 3206 austro.
1134 3161 1138 3166 ·

265 3223 345 3289 haec
361 3246 457 3310 super
473 3225 623 3311 imposuit
641 3226 796 3310 liquidum
813 3237 845 3293 et
861 3227 1015 3312 gravitate
1034 3237 1194 3293 carentem

268 3308 396 3375 aethera
411 3332 471 3376 nec
488 3312 658 3395 quicquam
676 3323 818 3378 terrenae
834 3312 933 3377 faecis
950 3312 1128 3378 habentem.

266 3393 321 3459 vix
336 3395 381 3460 ita
392 3394 544 3461 limitibus
560 3396 773 3483 dissaepserat
788 3398 895 3462 omnia
912 3398 1014 3476 certis,

217 3501 249 3550 το
267 3501 354 3556 cum,
372 3500 455 3563 quae
472 3504 582 3567 pressa
599 3482 654 3547 diu
671 3506 776 3547 massa
792 3484 912 3549 latuere
930 3484 990 3547 sub
1008 3483 1074 3562 illa,

266 3564 370 3630 sidera
387 3577 558 3652 coeperunt
574 3578 640 3633 toto
658 3567 864 3635 effervescere
881 3570 979 3634 caelo.

265 3671 329 3715 neu
346 3650 434 3735 regio
451 3651 532 3717 foret
550 3653 616 3718 ulla
632 3655 698 3719 suis
717 3655 906 3720 animalibus
923 3655 1012 3732 orba,

266 3746 350 3799 astra
367 3744 476 3802 tenent
492 3739 627 3804 caeleste
645 3739 748 3804 solum
764 3740 950 3824 formaeque
968 3741 1110 3818 deorum,

265 3833 428 3886 cesserunt
443 3821 549 3888 nitidis
565 3824 757 3891 habitandae
772 3825 913 3911 piscibus
929 3826 1045 3904 undae,

136 3952 139 3959 -
216 3923 248 3974 ro
265 3915 350 3970 terra
366 3905 450 3973 feras
468 3909 565 3993 cepit,
583 3910 728 3975 volucres
745 3910 904 3996 agitabilis
921 3917 986 3977 aer.

308 3987 457 4058 Sanctius
475 3993 525 4060 his
542 3995 657 4060 animal
675 3996 851 4080 mentisque
869 3997 1017 4083 capacius
1035 3999 1117 4064 altae
1169 4031 1274 4086 &cario

265 4075 373 4145 deerat
389 4077 507 4158 adhuc,
525 4090 557 4147 et
573 4082 660 4170 quod
678 4082 833 4152 dominari
849 4084 883 4151 in
899 4094 1004 4152 cetera
1019 4096 1138 4173 posset.
1165 4100 1283 4161 hassia
