2800 4500
254 256 297 324 20
586 271 621 328 P.
640 272 765 331 OVIDII
781 271 945 331 NASONIS

255 396 467 481 amplexuque
485 395 559 461 dato
578 403 651 462 ‘nec
667 408 703 462 tu
720 420 811 463 meus
829 421 898 464 esse
915 398 1025 485 negari

255 482 371 567 dignus
389 505 437 557 es,
455 493 487 547 ct
505 480 660 567 Clymeno
677 483 783 548 veros'
800 484 845 549 ait
862 484 975 550 ‘edidit
991 495 1089 549 ortus.

255 589 382 651 quoque
399 568 503 633 minus
521 568 661 646 dubites,
680 568 810 652 quodvis
827 580 900 654 pete
916 591 1042 646 munus,
1059 579 1095 632 ut
1111 570 1191 637 illud

202 673 238 722 45
255 675 307 717 me
324 653 481 719 tribuente
498 653 592 719 feras.
635 655 798 740 promissis
816 656 904 720 testis
921 656 1031 721 adesto

256 738 304 803 dis
321 738 454 804 iuranda
471 740 578 824 palus,
596 740 695 804 oculis
712 741 874 825 incognita
890 740 1026 806 nostris?

255 825 309 888 vix
326 825 408 889 bene
426 826 575 891 desierat:
593 847 704 890 currus
721 837 814 911 rogat
829 826 882 892 ille
899 837 1046 912 paternos

254 909 351 994 inque
368 911 452 976 diem
470 911 631 997 alipedum
647 911 697 976 ius
716 921 747 977 et
763 912 967 978 moderamen
984 933 1148 996 equorum.

254 996 412 1082 paenituit
427 997 547 1062 iurasse
564 1008 697 1082 patrem.
740 996 796 1080 qui
812 1008 924 1082 terque
941 1010 1115 1083 quaterque
1224 1022 1228 1029 ’

205 1101 239 1150 50
257 1083 439 1148 concutiens
456 1083 588 1148 inlustre
606 1094 703 1169 caput
720 1083 915 1148 ‘temeraria’
934 1083 1014 1149 dixit
1091 1134 1097 1145 .

48 1204 52 1213 ·
159 1178 162 1183 “
256 1174 334 1233 ‘vox
351 1191 423 1233 mea
439 1167 525 1234 faeta
541 1179 597 1232 tua
614 1180 671 1234 est.
715 1168 836 1233 utinam
853 1169 1009 1254 promissa
1024 1170 1133 1236 liceret

255 1275 319 1318 non
338 1253 427 1318 darei
446 1254 610 1332 confiteor,
628 1255 731 1319 solum
747 1254 810 1320 hoc
826 1254 900 1334 tibi,
916 1267 1004 1333 nate,
1021 1279 1182 1342 negarem.

257 1339 439 1404 dissuadere
456 1340 538 1405 licet.
581 1360 646 1404 non
663 1350 713 1405 est
729 1350 785 1404 tua
802 1349 870 1406 tuta
887 1341 1033 1406 voluntas
1038 1367 1047 1420 ;

255 1447 373 1510 magna
389 1425 484 1510 petis,
501 1424 684 1502 Phaethon,
702 1435 735 1490 et
751 1447 834 1509 quae
851 1449 911 1492 neo
928 1427 1049 1492 viribus
1067 1427 1136 1492 istis

206 1528 238 1577 55
256 1533 388 1575 munera
404 1511 592 1576 conveniant
607 1532 667 1577 neo
684 1522 748 1575 tam
767 1512 942 1597 puerilibus
959 1513 1060 1578 annis.

257 1618 324 1662 sors
341 1607 397 1661 tua
414 1596 569 1662 mortalis:
586 1617 650 1661 non
667 1608 715 1662 est
733 1596 879 1675 mortale,
897 1597 983 1682 quod
1001 1610 1102 1684 optas.

255 1682 328 1768 plus
345 1682 455 1759 etiam,
474 1703 570 1765 quam
587 1683 673 1766 quod
691 1683 814 1766 superis
831 1685 1015 1770 contingere
1031 1685 1081 1749 fas
1098 1684 1149 1762 sit,

255 1767 382 1833 nescius
399 1767 539 1833 affectas.
582 1769 708 1854 placeat
726 1767 787 1833 sibi
804 1769 937 1852 quisque
955 1770 1076 1835 licebit:

255 1875 320 1918 non
337 1864 443 1918 tamen
460 1853 596 1939 ignifero
613 1853 782 1938 quisquam
800 1855 970 1921 consistere
987 1856 1020 1920 in
1038 1878 1098 1920 axe
1147 1860 1148 1863 ’

206 1955 239 2005 60
257 1961 308 2003 me
325 1939 410 2004 valet
427 1950 569 2024 excepto.
612 1939 694 2004 vasti
712 1960 840 2023 quoque
853 1953 960 2005 rector
976 1938 1121 2027 Olympi,

257 2025 312 2107 qui
329 2025 398 2090 fera
414 2024 544 2090 terribili
561 2024 719 2091 iaculatur
734 2025 869 2090 fulmina
886 2027 1008 2104 dextra,

255 2132 320 2175 non
338 2110 487 2197 agathos
504 2132 625 2176 currus.
669 2121 701 2176 et
718 2110 795 2195 quid
812 2112 890 2178 Iove
908 2112 1009 2177 maius
1026 2112 1200 2178 habemus?

257 2196 357 2262 ardua
374 2196 474 2281 prima
491 2196 543 2263 via
560 2207 622 2275 cst,
640 2207 754 2281 etqua
771 2197 825 2263 vix
842 2220 936 2263 mane
953 2208 1094 2265 recentes

257 2283 417 2348 enituntur
432 2282 515 2366 equi.
559 2282 663 2347 medio
680 2294 729 2349 est
746 2284 898 2348 altissima
915 2284 1013 2363 caelo,

206 2387 238 2436 65
256 2368 341 2433 unde
358 2391 445 2432 mare
463 2379 495 2433 et
512 2380 610 2432 terras
627 2368 689 2453 ipsi
705 2369 784 2433 mihi
802 2391 897 2455 saepo
913 2370 1021 2435 videro

255 2454 291 2518 fit
309 2454 411 2531 timor,
429 2465 461 2518 et
477 2453 594 2539 pavida
612 2453 749 2539 trepidat
765 2453 933 2521 formidine
949 2466 1075 2541 pectus:

256 2539 368 2603 ultima
384 2562 485 2623 prona
502 2538 554 2603 via
571 2548 619 2604 est
636 2550 668 2604 ct
685 2549 759 2623 eget
774 2539 989 2605 moderamine
1007 2553 1105 2607 certo:

158 2655 165 2670 ·
256 2636 333 2689 tunc
350 2624 460 2701 etiam,
479 2645 561 2706 quae
578 2646 630 2690 me
648 2624 797 2690 subiectis
814 2626 931 2727 excipit
947 2627 1051 2705 undis,

256 2733 296 2774 ne
314 2709 399 2774 ferar
415 2709 448 2773 in
466 2730 630 2795 praeceps,
648 2709 771 2796 Tethys
789 2711 869 2776 solet
884 2734 955 2797 rpsa
970 2712 1082 2778 vereri.

207 2816 239 2864 to
257 2796 339 2860 adde
356 2795 442 2878 quod
460 2795 587 2859 assidua
604 2794 725 2881 rapitur
742 2796 896 2883 vertigine
914 2798 1036 2862 caelum

256 2881 422 2963 sideraque
440 2881 504 2945 alta
520 2880 616 2945 trahit
633 2881 791 2965 celerique
808 2882 968 2947 volumine
986 2894 1122 2966 torquet.

255 2966 339 3031 nitor
354 2966 386 3030 in
405 2965 586 3043 adversum,
604 2988 664 3032 nec
679 2989 746 3045 me,
764 2965 820 3051 qui
837 2978 956 3046 cetera,
973 2969 1072 3035 vincit

255 3053 407 3137 impetus,
426 3063 457 3117 et
473 3051 583 3138 rapido
601 3053 777 3118 contrarius
794 3053 912 3119 evehor
928 3054 1007 3120 orbi.

255 3138 340 3223 finge
358 3137 448 3202 datos
466 3159 587 3204 currus.
630 3137 708 3222 quid
725 3139 821 3224 ages?
837 3140 995 3224 poterisne
1012 3139 1121 3206 rotatis

205 3242 236 3291 75
255 3223 368 3288 obvius
385 3223 430 3287 ire
447 3223 542 3309 polis,
560 3245 601 3288 ne
618 3233 650 3288 tc
667 3223 749 3289 citus
767 3225 891 3289 auferat
907 3226 995 3290 axis?

254 3309 386 3373 forsitan
404 3319 437 3373 et
453 3310 541 3373 lucos
558 3308 622 3373 illic
639 3309 798 3394 urbesque
815 3311 948 3375 deorum

255 3394 412 3479 concipias
431 3394 536 3459 animo
554 3393 844 3479 delubraqueditia
861 3395 951 3461 donis

254 3480 343 3545 esse?
367 3501 425 3564 per
441 3479 570 3544 insidias
587 3480 648 3546 iter
665 3491 713 3546 est
730 3481 911 3565 formasque
928 3482 1077 3548 ferarum.

253 3577 352 3649 utque
369 3564 453 3630 viam
471 3576 580 3631 teneas
597 3566 747 3651 nulloque
765 3589 870 3632 errore
887 3568 1032 3646 traharis,

202 3669 237 3720 80
254 3673 312 3735 per
328 3662 435 3715 tamen
453 3651 577 3717 adversi
595 3652 749 3737 gradieris
767 3674 886 3717 cornua
902 3653 1001 3718 Tauri

252 3736 511 3820 Haemoniosque
529 3758 621 3802 arcus
637 3737 831 3821 violentique
848 3759 904 3803 ora
920 3738 1039 3804 Leonis

251 3842 411 3905 saevaque
428 3822 559 3887 circuitu
577 3832 761 3888 curvantem
779 3822 925 3889 bracchia
940 3823 1036 3911 longo
1274 3907 1275 3910 Ἴ

252 3904 408 3994 Scorpion
424 3919 519 3991 atque
537 3908 627 3974 aliter
644 3919 829 3974 curvantem
845 3910 993 3975 bracchia
1011 3906 1182 3977 Cancrum.

220 4009 231 4040 '·
250 4013 311 4058 nec
328 3991 386 4057 tibi
403 3994 624 4079 quadrupedes
642 3993 800 4060 animosos
816 3995 944 4081 ignibus
961 3995 1034 4072 illis,

200 4098 234 4156 85
252 4099 332 4168 quos
349 4080 382 4144 in
400 4089 527 4168 pectore
543 4080 675 4158 habent,
693 4101 774 4166 quos
795 4103 850 4159 ore
867 4091 899 4148 et
915 4080 1046 4157 naribus
1063 4080 1183 4163 efflant,
1222 4155 1224 4158 ¹
1263 4129 1266 4132 -
