2800 4500
270 277 637 342 METAMORPHOSEON
648 279 723 340 LIB.
734 282 785 343 IV.
798 278 857 342 800.
870 278 930 341 801.
942 280 978 343 V,
990 282 1084 341 1-ec.
1146 267 1187 337 75

169 408 224 494 qui
238 419 410 511 postquam
426 408 539 474 cecidit
555 408 738 493 ferrumque
756 432 796 474 ex
814 430 884 474 osse
900 408 1061 476 revulsum
1078 421 1136 486 est,

169 495 311 560 calcitrat
328 505 360 559 et
376 494 495 579 positas
513 494 652 581 aspergit
669 495 823 580 sanguine
839 516 975 560 mensas.
1203 514 1238 566 40

169 591 238 644 tum
255 600 331 645 vero
348 579 517 644 indomitas
534 580 669 645 ardescit
686 581 802 665 vulgus
819 580 853 644 in
869 580 941 657 iras,

170 666 296 750 telaque
313 664 482 740 coniciunt,
500 678 532 730 et
547 677 622 730 sunt
639 664 694 749 qui
712 662 842 750 Cephea
859 665 969 730 dicunt

171 772 245 815 cum
260 770 378 836 genero
396 750 511 815 debere
529 751 619 814 mori.
663 750 720 815 sed
737 750 844 815 limine
862 750 938 815 tecti

171 835 289 900 exierat
307 832 456 921 Cepheus
473 846 605 900 testatus
622 835 736 918 iusque
753 835 911 919 fidemque

170 920 359 1021 hospitiique
378 920 468 996 dees,
486 943 524 985 ea
540 941 575 986 se
591 920 778 1007 prohibente
795 920 925 985 moveri.
1204 939 1238 990 45

171 1001 407 1070 be'hcaPallas
425 1006 514 1070 adest
532 1017 564 1071 et
580 1006 718 1091 protegit
736 1005 847 1091 aegide
864 1005 993 1070 fratrem

170 1091 288 1174 datque
305 1090 437 1156 animos.
480 1101 547 1156 erat
563 1092 663 1155 Indus
680 1090 791 1160 Athis.
808 1112 903 1175 quem
920 1090 1049 1156 flumine
1068 1089 1184 1178 Gange

168 1176 254 1240 edita
271 1175 425 1240 Limnaee
436 1175 544 1240 vitreis
561 1177 722 1261 peperisse
737 1176 799 1240 sub
816 1175 910 1240 undis

170 1261 318 1339 creditur,
336 1259 484 1346 egregius
501 1261 617 1338 forma,
635 1281 731 1344 quam
749 1259 846 1326 divite
864 1262 952 1325 cultu

169 1369 211 1411 au
235 1345 323 1423 ebat,
341 1345 390 1410 bis
408 1345 512 1412 adhue
528 1346 650 1410 octonis
665 1345 790 1431 integer
806 1345 908 1422 annis,

170 1369 300 1497 indutus
318 1430 516 1516 chlamydem
534 1429 678 1516 Tyriam,
695 1452 792 1515 quam
808 1431 924 1495 limbus
941 1431 1050 1496 obibat

170 1538 298 1593 aureus3
316 1516 471 1580 ornabant
487 1527 598 1580 aurata
613 1516 743 1580 monilia
759 1516 886 1592 collum,

170 1613 203 1667 et
219 1600 363 1666 madidos
381 1623 488 1665 murra
504 1623 637 1666 curvum
654 1600 772 1666 crinale
790 1601 929 1686 capillos.

169 1686 223 1752 ille
239 1686 367 1771 quidem
384 1685 486 1751 iaculo
503 1685 649 1771 quamvis
666 1685 814 1751 distantia
830 1686 926 1751 misso

169 1772 267 1858 figere
285 1771 396 1837 doctus
413 1783 495 1848 erat,
512 1771 569 1837 sed
585 1772 715 1837 tendere
732 1771 853 1836 doctior
869 1794 971 1837 arcus.

169 1870 237 1923 tum
255 1878 381 1942 quoque
398 1857 484 1921 lenta
499 1879 597 1921 manu
614 1857 792 1922 flectentem
810 1877 929 1921 cornua
943 1856 1082 1941 Perseus

170 1943 290 2029 stipite,
307 1941 362 2026 qui
378 1941 483 2007 media
499 1941 620 2028 positus
637 1940 781 2006 fumabat
797 1941 830 2005 in
848 1965 912 2019 ara,

169 2027 303 2178 perculit
320 2038 351 2092 et
368 2027 476 2092 fractis
493 2026 638 2092 confudit
654 2026 688 2092 in
705 2026 829 2092 ossibus
846 2047 911 2091 ora

192 2134 255 2178 uno
272 2112 328 2177 ubi
343 2112 489 2176 laudatos
506 2112 674 2177 iactantem
691 2110 725 2176 in
742 2110 897 2196 sanguine
915 2111 1022 2177 vultus

170 2197 323 2284 Assyrius
341 2196 420 2263 vidit
436 2196 599 2283 Lycabas,
616 2195 830 2262 iunctissimus
847 2196 893 2261 illi

170 2294 202 2348 et
219 2304 325 2348 comes
342 2294 374 2348 et
391 2282 457 2349 veri
474 2304 538 2348 non
556 2280 768 2348 dissimulator
784 2282 910 2360 amaru,

170 2380 337 2454 postquam
354 2369 531 2434 exulantem
549 2368 609 2433 sub
627 2369 740 2433 acerbo
758 2368 888 2434 vulnere
905 2368 1003 2433 vitam

170 2454 345 2540 deploravit
360 2453 477 2529 Athin,
495 2475 575 2537 quos
592 2453 645 2519 ille
661 2453 839 2519 tetenderat
855 2475 947 2518 arcus

170 2537 279 2626 arripit
296 2549 329 2603 et
346 2544 485 2604 ‘mecum
502 2538 560 2603 tibi
578 2539 641 2603 sint
657 2538 843 2604 certamina’
861 2539 950 2616 dixit,

169 2633 243 2690 ‘nec
260 2625 392 2708 longum
409 2623 499 2709 pueri
515 2623 581 2688 fato
598 2623 772 2700 laetabere,
790 2644 853 2708 quo
870 2625 942 2710 plus

169 2710 306 2774 invidiae
323 2730 419 2792 quam
437 2708 540 2773 laudis
556 2708 675 2774 habes!
718 2709 798 2774 haec
815 2709 921 2773 omnia
936 2707 1078 2773 nondum

171 2794 306 2859 dixerat:
324 2793 454 2858 emicuit
469 2815 568 2858 nervo
584 2793 779 2879 penetrabile
795 2794 908 2871 telum3

169 2879 366 2962 vitatumque
383 2889 490 2943 tamen
507 2878 635 2943 sinuosa
651 2889 739 2945 veste
756 2879 916 2965 pependit.

171 2963 265 3028 vertit
281 2963 314 3028 in
331 2963 416 3029 hunc
433 2963 554 3064 harpen
571 2974 744 3049 spectatam
761 2963 858 3029 caede
874 2963 1030 3030 Medusae

170 3047 405 3114 Acrisioniades
423 3048 474 3112 adi
509 3061 584 3132 tque
601 3048 635 3112 in
651 3059 773 3134 pectus.
817 3059 850 3112 at
864 3048 917 3113 ille

169 3134 234 3198 iam
251 3133 400 3210 moriens,
418 3156 456 3199 oc
491 3134 517 3198 ‘s
535 3133 595 3198 sub
611 3144 704 3199 nocte
720 3132 902 3198 natantibus
919 3143 997 3211 atra,

171 3217 394 3302 circumspexit
409 3218 511 3283 Athin
528 3240 625 3303 seque
642 3218 809 3283 acclinavit
821 3217 863 3281 ad
875 3219 964 3283 illurn

171 3316 203 3369 et
220 3302 291 3368 tulit
301 3303 342 3366 ad
359 3302 474 3369 Manes
491 3302 617 3368 iunctae
635 3304 751 3368 solacia
767 3303 886 3367 mortis.

170 3410 245 3453 ecee
263 3387 426 3472 Syenites,
444 3388 570 3488 genitus
587 3387 745 3464 Metione,
761 3387 908 3453 Phorbas

170 3485 203 3540 et
220 3473 322 3557 Libys
340 3472 590 3557 Amphrmedon,
607 3473 692 3537 avidi
710 3473 904 3539 committere
921 3496 1071 3559 pugnam,

172 3558 340 3643 sanguine,
358 3578 421 3639 quo
438 3558 499 3624 late
517 3558 610 3623 tellus
627 3558 807 3624 madefacta
822 3559 959 3644 tepebat,

171 3642 373 3708 conciderant
388 3641 477 3727 lapsi.
519 3665 574 3707 sur
596 3644 721 3708 entibus
738 3643 858 3708 obstitit
875 3643 958 3708 ensis

171 3725 299 3793 alterius
317 3726 427 3803 costis,
444 3726 553 3813 iugulo
569 3666 762 3793 {horbantis
780 3728 920 3793 adactus.

171 3824 205 3879 at
220 3833 284 3877 non
301 3810 476 3877 Actoriden
492 3811 642 3897 Erytum,
660 3812 712 3878 cui
729 3815 793 3878 lata
808 3813 953 3899 bipennis

170 3897 268 3963 telum
286 3908 367 3973 erat,
385 3896 512 3961 hamato
529 3896 668 3962 Perseus
685 3898 764 3983 petit
781 3920 869 3975 ense3
888 3899 943 3963 sed
961 3899 1031 3964 altis

170 3992 331 4048 extantem
348 3981 446 4068 signis
463 3982 643 4065 multaeque
661 3982 692 4046 in
710 3982 849 4067 pondere
866 4005 988 4051 massae

169 4068 331 4158 ingentem
347 4068 493 4134 manibus
510 4067 591 4134 tollit
608 4078 730 4134 cratera
746 4068 869 4136 duabus
