2800 4500
228 261 293 328 200
353 287 358 297 ·
564 272 598 328 Ρ.
616 270 746 329 ΟἮΒΠ
758 269 920 329 NASONIS

227 396 401 484 inspicitur,
419 406 627 482 penetratque
644 416 739 459 cavas
757 415 820 458 vox
837 393 939 459 omnis
957 393 998 458 ad
1016 415 1118 459 aures.

226 482 331 549 Fama
347 493 434 548 tenet
450 501 637 564 summaque
655 479 785 544 domum
803 479 865 544 sibi
881 479 959 564 legit
975 479 1010 543 in
1026 501 1109 555 arce,

226 569 472 651 innumerosque
490 565 595 630 aditus
613 587 651 629 ac
667 564 753 629 mille
771 563 927 629 foramina
943 564 1034 630 tectis

176 675 210 724 45
228 652 351 718 addidit
367 663 399 717 et
415 651 511 716 nullis
528 649 657 716 inclusit
672 649 783 716 limina
799 649 908 735 portis.

226 750 319 804 nocte
337 737 451 820 dieque
467 746 564 822 patet
607 746 675 800 tota
691 745 740 801 est
757 757 798 801 ex
814 756 887 802 aere
903 734 1042 813 sonanti3

227 835 294 889 tota
311 822 417 888 fremit
434 842 592 905 uocesque
608 820 720 897 refert,
737 820 909 905 iteratque,
926 819 1011 905 quod
1028 819 1127 885 audit.

169 941 173 951 ⁷
226 909 315 975 nulla
331 907 421 992 quies
437 907 537 983 intus,
554 906 706 990 nullaque
723 905 848 972 silentia
863 916 963 992 parte.

226 1016 287 1060 neo
302 1005 410 1059 tamen
427 1002 476 1058 est
492 993 621 1069 clamor,
639 991 830 1077 sedrparvae
847 990 1127 1057 murmuratoris:

176 1101 211 1151 uo
228 1079 335 1166 qualia
352 1078 392 1144 de
408 1078 530 1164 pelagi,
547 1075 575 1142 si
592 1075 663 1161 quis
680 1076 792 1162 procul
808 1076 931 1152 audiat,
948 1076 1042 1141 undis

228 1188 298 1231 esse
315 1166 416 1230 solent
421 1188 430 1240 3
448 1163 615 1247 qualemve
633 1182 761 1238 sonum,
779 1183 853 1227 cum
869 1161 1013 1248 Iuppiter
1029 1171 1113 1228 atras

228 1249 386 1336 increpuit
402 1248 518 1326 nubes,
536 1257 679 1314 extrema
694 1247 834 1321 tonitrua
850 1246 997 1317 reddunt.

228 1336 308 1401 atria
325 1335 420 1400 turba
435 1345 536 1399 tenet:
554 1332 694 1409 veniunt,
701 1332 772 1398 leve
789 1332 914 1418 vulgus,
922 1345 1076 1417 euntque;

226 1422 390 1506 mixtaque
408 1440 481 1484 oum
498 1417 581 1484 veris
621 1417 719 1484 assim
735 1428 915 1483 commenta
931 1428 1088 1505 vagantur

176 1527 211 1577 55
227 1507 316 1572 milia
331 1526 511 1582 rumorum,
529 1525 567 1569 co
626 1524 726 1587 saque
743 1503 843 1569 verba
858 1503 1012 1568 volutant

228 1615 247 1658 e
264 1591 380 1676 quibus
397 1590 431 1654 hi
448 1611 566 1655 vacuas
582 1588 716 1675 implent
733 1588 930 1654 sermonibus
948 1610 1051 1667 aures,

227 1677 263 1742 hi
279 1686 407 1742 narrata
422 1675 529 1740 ferunt
546 1674 608 1740 alio
613 1719 623 1752 ,
641 1695 853 1758 mensuraque
870 1673 935 1738 ficti

228 1762 355 1838 crescit,
372 1772 405 1827 et
420 1760 537 1827 auditis
555 1758 674 1844 aliquid
690 1780 793 1824 novus
811 1758 907 1824 adicit
922 1769 1043 1829 auctor.

227 1848 292 1914 illic
310 1843 507 1924 Credulitas,
524 1845 588 1911 illic
605 1844 791 1911 temerarius
808 1843 907 1911 Error

178 1955 211 2004 oo
229 1954 375 2016 vanaque
391 1931 532 1997 Laetitia
548 1940 596 1997 est
613 1929 868 2014 consternatique
885 1929 1030 1996 Timores

229 2017 415 2103 Seditioque
431 2039 546 2104 repens
564 2015 725 2101 dubioque
743 2026 873 2083 auctore
890 2014 1031 2083 Susurri.

228 2105 311 2191 ipsa,
329 2103 406 2188 quid
423 2103 458 2167 in
474 2101 562 2169 caelo
579 2124 686 2168 rerum
702 2101 881 2202 pelagoque
897 2113 1029 2191 geratur¹

229 2201 262 2257 et
279 2190 406 2267 tellure,
424 2187 511 2257 videt
527 2197 693 2273 totumque
710 2187 840 2272 inquirit
855 2187 890 2253 in
906 2185 1039 2253 orbem'

271 2270 407 2342 Fecerat
423 2275 503 2341 haec
520 2285 645 2352 notum,
664 2271 781 2340 Graias
799 2295 873 2339 oum
889 2273 989 2338 milite
1006 2271 1080 2338 forti

179 2381 212 2432 65
230 2362 401 2426 adventare
417 2371 517 2437 rates3
534 2380 639 2443 neque
655 2359 873 2445 inexpectatus
890 2357 924 2424 in
940 2358 1037 2425 armis

229 2446 329 2511 hostis
346 2445 445 2511 adest.
488 2445 656 2530 prohibent
673 2444 778 2509 aditus
794 2444 933 2528 litusque
949 2454 1079 2512 tuentur

229 2532 345 2608 Tro'e's3
363 2543 396 2596 et
412 2532 573 2600 Hectorea
589 2529 710 2616 primus
727 2529 865 2595 fataliter
881 2530 988 2607 hasta,

229 2616 420 2692 Protesilai,
438 2615 540 2693 cadis,
557 2615 788 2698 commissaque
804 2614 925 2700 proelia
940 2636 1058 2700 magno

230 2713 315 2768 stant
331 2700 469 2777 Danais,
487 2700 640 2785 fortisque
658 2700 782 2765 animae
799 2722 877 2766 nece
894 2700 1040 2786 cognitus
1057 2701 1192 2779 Hector3

179 2810 213 2860 ro
229 2809 289 2853 nec
306 2786 453 2874 Phryges
471 2786 597 2873 exiguo,
615 2785 692 2871 quid
709 2786 854 2852 Achaica
871 2785 1001 2852 dextera
1016 2797 1133 2871 posset,

230 2873 385 2958 sanguine
403 2883 577 2938 senserunt
620 2882 653 2937 et
668 2871 734 2936 iam
751 2869 850 2958 Sigea
866 2871 1025 2947 rubebant

229 2958 336 3036 litora,
354 2958 419 3023 iam
435 2958 498 3022 leto
515 2956 619 3043 proles
636 2956 799 3042 Neptunia
817 2953 946 3042 Cycnus

229 3044 316 3111 mille
333 3043 418 3109 viros
436 3043 581 3121 dederat,
597 3042 662 3106 iam
679 3065 775 3107 curru
791 3042 930 3107 instabat
946 3041 1088 3108 Achilles

229 3141 360 3213 totaque
376 3128 525 3195 Peliacae
542 3128 702 3193 sternebat
720 3127 858 3213 cuspidis
874 3127 940 3192 ictu

180 3236 212 3287 rt
230 3215 373 3301 agmina,
390 3236 510 3365 perqqre
527 3213 611 3279 acies
629 3223 685 3277 aut
702 3208 850 3298 Cycnum
867 3223 922 3277 aut
938 3214 1080 3278 Hectora
1097 3234 1253 3298 quaerens

230 3299 433 3386 congreditur
480 3320 573 3384 ycno.
616 3297 775 3363 decimum
792 3298 907 3363 dilatus
924 3298 957 3363 in
975 3322 1095 3364 annum

229 3385 353 3470 Hector
370 3395 446 3450 erat
490 3395 559 3449 tum
576 3383 657 3449 colla
673 3383 750 3482 iugo
768 3383 914 3448 canentia
929 3405 1056 3469 pressos

230 3470 413 3535 exhortatus
431 3491 530 3554 equos
547 3491 675 3534 currum
692 3468 807 3534 drrexit
824 3468 857 3533 in
874 3468 1008 3547 hostem,

230 3555 476 3640 concutiensque
494 3555 559 3620 suis
577 3553 735 3618 vibrantia
751 3555 814 3619 tela
830 3554 955 3619 lacertis

179 3662 214 3713 80
231 3640 388 3725 ‘quisquis
406 3662 454 3716 es,
472 3662 492 3704 o
509 3639 652 3716 iuuenis}
671 3638 751 3704 dixit
768 3640 922 3704 ‘solamen
939 3640 1055 3706 habeto

230 3726 354 3802 mortis,
371 3726 413 3790 ab
431 3725 610 3790 Haemonio
627 3724 714 3809 quod
731 3724 774 3789 sis
789 3724 953 3811 iugulatus
969 3724 1117 3791 Achille?

230 3811 384 3875 hactenus
401 3810 574 3876 Aeacides:
592 3831 705 3875 vocem
721 3809 829 3895 gravis
845 3809 937 3876 hasta
953 3823 1062 3877 secuta
1079 3821 1137 3877 est.

231 3896 288 3960 sed
305 3916 498 3979 quamquam
517 3906 601 3961 certa
617 3895 724 3959 nullus
741 3895 802 3960 fuit
818 3916 905 3960 error
921 3895 955 3960 in
971 3898 1072 3974 hasta,

231 3980 276 4046 nil
294 3991 400 4044 tamen
418 3979 525 4044 emissi
541 3979 676 4065 profecit
692 3980 839 4047 acumine
855 3981 931 4047 ferri
936 4006 945 4059 3

181 4083 215 4141 ss
231 4075 330 4155 utque
347 4063 453 4136 hebeti
467 4076 580 4153 pectus
597 4066 817 4136 tautummodo
834 4066 978 4137 contudit
993 4066 1071 4150 ictu,
