2800 4500
252 248 320 325 ‘264
420 260 426 271 ‘
586 264 947 326 P.0v1D11NAsouls

183 413 234 464 405
253 394 378 478 fertque
394 393 467 479 pius
485 413 646 475 cunasque
664 414 739 457 suas
755 392 958 477 patriumque
975 391 1165 477 sepulcrum,

251 501 371 566 perque
388 479 475 545 leves
493 500 586 543 auras
603 477 799 563 Hyperionis
816 477 895 542 urbe
912 476 1031 562 potitus

253 576 325 629 ante
342 564 426 629 fores
444 585 550 629 sacras
567 562 763 647 Hyperionis
781 562 860 627 aede
877 561 1010 646 reponit

252 650 280 714 si
297 660 404 714 tamen
421 661 469 714 est
485 648 605 731 aliquid
622 648 721 713 mirae
738 646 888 712 novitatis
904 648 938 711 in
954 646 1033 724 istis,

254 736 408 800 alternare
425 734 510 800 vices
529 744 560 799 et
564 781 574 811 ‚
593 755 675 816 quae
692 732 788 797 modo
806 732 925 798 femina
941 743 1031 817 tergo

184 842 236 890 410
252 843 346 921 passa
362 842 483 885 marem
500 829 562 896 est,
579 839 665 883 nunc
683 839 753 883 esse
769 840 891 883 marem
907 816 1058 883 miremur
1074 818 1242 903 hyaenam.

252 905 286 970 1d
303 925 443 989 quoque,
461 905 548 988 quod
564 903 667 970 ventis
684 904 802 967 animal
818 902 957 967 nutritur
974 913 1006 968 et
1022 925 1111 981 aura,

252 990 395 1076 protinus
413 989 591 1066 assimulat,
608 988 713 1074 tetigit
729 1009 948 1072 quoscumque
965 988 1096 1053 colores.

253 1076 336 1140 victa
353 1075 539 1141 racemifero
556 1075 666 1159 lyncas
685 1073 771 1138 dedit
788 1074 882 1138 India
897 1073 1038 1152 Baccho,

253 1184 271 1226 e
289 1160 419 1244 quibus,
437 1172 473 1225 ut
490 1169 679 1236 memorant,
698 1158 854 1243 quidquid
871 1159 977 1223 vesica
993 1159 1123 1236 remisit,

185 1265 236 1315 415
253 1246 386 1312 vertitur
402 1245 437 1309 in
453 1245 575 1330 lapides
593 1255 624 1311 et
641 1244 790 1329 congelat
806 1249 879 1310 abre
896 1254 991 1310 tacto.

253 1330 348 1396 sicet
365 1330 533 1406 curalium,
550 1351 614 1412 quo
631 1331 770 1416 primum
788 1328 921 1415 contigit
937 1352 1030 1394 auras

253 1427 408 1502 tempore,
426 1416 577 1481 durescit:
595 1415 699 1479 mollis
715 1414 776 1479 fuit
794 1414 893 1480 herba
910 1414 970 1480 sub
988 1415 1091 1480 undis.

254 1501 376 1566 desinet
392 1511 466 1566 ante
484 1501 566 1578 dies,
584 1500 665 1565 etin
683 1500 747 1565 alto
764 1499 916 1565 Phoebus
934 1499 1064 1565 anhelos

254 1608 390 1671 aequore
408 1586 531 1671 tinguet
547 1607 660 1670 equos,
678 1606 776 1668 quam
793 1606 969 1668 consequar
986 1586 1092 1650 omnia
1108 1586 1213 1652 verbis

185 1690 236 1739 420
254 1673 286 1735 in
305 1671 426 1757 species
442 1672 595 1735 translata
610 1690 721 1735 novas.
765 1669 811 1735 sio
828 1671 935 1735 omnia
951 1671 1032 1736 verti

254 1757 425 1832 cernimus,
443 1766 539 1838 atque
555 1755 626 1820 illas
644 1776 805 1820 assumere
821 1755 936 1820 robora
952 1766 1075 1841 gentes,

254 1841 419 1906 concidere
435 1841 503 1905 has.
548 1841 594 1906 sio
610 1863 729 1926 magna
745 1840 807 1904 fuit
824 1861 984 1925 censuque
1001 1841 1140 1924 virisque

252 1948 372 2013 perque
390 1926 500 1992 decem
516 1927 620 2010 potuit
635 1936 760 1990 tantum
778 1925 854 1991 dare
870 1926 1034 2010 sanguinis
1051 1949 1161 2007 annos,
1271 1936 1278 1946 '

253 2034 338 2077 nunc
355 2011 482 2075 humilis
500 2023 622 2076 veteres
640 2011 859 2076 tantummodo
876 2011 974 2076 Troia
990 2011 1099 2077 ruinas
1119 2088 1121 2092 ¹

185 2114 235 2163 425
253 2108 285 2161 et
302 2119 360 2182 pro
378 2097 495 2161 divitiis
512 2096 652 2160 tumulos
669 2096 807 2161 ostendit
825 2118 966 2161 avorum.

253 2183 338 2247 clara
354 2182 416 2246 fuit
434 2180 563 2268 Sparte,
580 2204 717 2268 magnae
734 2181 865 2268 viguere
882 2182 1055 2267 Mycenaer

255 2267 409 2354 [necnon
426 2280 459 2333 et
477 2265 629 2354 Cecropis
646 2289 787 2333 necnon
804 2268 995 2354 Amphionis
1012 2266 1117 2355 arces]

252 2354 315 2418 vile
333 2354 435 2418 solum
454 2352 570 2438 Sparte
587 2363 649 2429 est,
668 2353 751 2419 altae
768 2353 910 2418 cecidere
927 2354 1096 2438 Mycenae.

254 2437 523 2524 [Oedipodioniae
540 2438 618 2521 quid
635 2448 724 2515 sunt,
742 2438 804 2502 nisi
821 2438 964 2516 nomina,
981 2438 1132 2505 Thebae?

185 2539 237 2590 400
254 2523 331 2607 quid
347 2522 544 2587 Pandioniae
561 2532 694 2600 restant,
711 2522 774 2587 nisi
789 2544 920 2600 nomen,
938 2523 1145 2676 Α410000011]ὖΟ

253 2630 339 2673 nunc
356 2629 484 2693 quoque
501 2607 700 2673 Dardaniam
716 2607 805 2673 fama
821 2620 869 2672 004
886 2630 1077 2695 consurgere
1146 2634 1242 2691 mam,

253 2693 639 2842 Appenninigenaequae
655 2694 801 2779 proxima
818 2694 991 2779 Thybridis
1009 2695 1102 2760 undis

252 2801 306 2843 mo

253 2864 332 2929 haec
348 2863 446 2950 igitur
462 2863 598 2928 formam
616 2865 786 2931 crescendo
803 2875 906 2930 mutat
922 2877 953 2930 et
970 2865 1046 2930 olim

185 2968 235 3017 435
252 2949 399 3014 immensi
416 2961 513 3035 caput
529 2949 614 3013 orbis
632 2949 700 3015 erit.
745 2950 792 3014 sic
808 2950 913 3017 dicere
929 2963 1019 3015 vates

253 3035 461 3117 faticinasque
477 3034 582 3100 ferunt
599 3045 715 3111 sortes3
732 3046 951 3118 quantumque
968 3037 1126 3114 recordor,

253 3121 376 3184 dixerat
392 3120 538 3195 Aeneae,
556 3141 628 3184 curn
646 3142 697 3184 res
715 3120 856 3185 Troiana
872 3121 1003 3197 labaret,

251 3204 430 3270 Priamides
446 3205 590 3269 Helenus
607 3205 695 3269 flenti
713 3205 874 3288 dubioque
892 3206 1015 3270 salutis:

253 3296 352 3356 “nate
369 3290 443 3366 dea,
461 3290 488 3354 si
504 3300 579 3354 nota
596 3290 672 3354 satis
688 3291 856 3375 praesagia
872 3301 999 3356 nostrae

184 3393 235 3442 440
252 3376 367 3441 mentis
384 3373 499 3451 habes,
516 3396 580 3439 non
598 3385 665 3439 tota
682 3375 775 3440 cadet
791 3387 823 3440 te
841 3375 958 3461 sospite
976 3374 1083 3442 Troia.

251 3463 380 3526 damma
396 3459 453 3524 tibi
470 3460 653 3542 ferrumque
671 3459 794 3524 dabunt
809 3460 883 3525 iter:
900 3460 962 3525 ibis
979 3475 1093 3526 etune

251 3545 412 3631 Pergama
428 3557 520 3630 rapta
536 3543 633 3621 feres,
652 3545 753 3610 donec
770 3544 949 3631 Troiaeque
965 3547 1087 3631 tibique
1174 3583 1179 3616 t

252 3641 418 3697 externum
435 3630 536 3715 patrio
554 3630 718 3715 contingat
734 3630 866 3694 amicius
883 3653 1006 3696 arvum.

251 3717 365 3781 urbem
382 3715 476 3781 etiam
494 3737 588 3781 cerno
605 3714 766 3799 Phrygios
783 3714 899 3780 debere
915 3727 1058 3803 nepotes,

184 3821 233 3870 445
252 3812 370 3886 quanta
387 3821 446 3866 nec
462 3811 587 3865 estnec
604 3800 662 3864 erit
678 3821 739 3864 nec
755 3799 824 3863 visa
840 3800 997 3885 prioribus
1014 3802 1116 3869 annis.

251 3886 334 3949 hanc
350 3885 403 3948 alii
419 3906 565 3969 proceres
582 3907 640 3970 per
656 3884 784 3949 saecula
799 3885 896 3970 longa
912 3897 1083 3970 potentem,

252 3969 309 4034 sed
326 3969 486 4033 dominam
502 3991 608 4034 rerum
625 3970 665 4035 de
683 3969 838 4054 sanguine
855 3981 948 4035 natus
965 3972 1027 4036 Iuli

252 4052 378 4122 efficiet.
420 4073 485 4140 quo
502 4074 576 4121 cum
591 4055 685 4123 tellus
703 4055 763 4124 erit
780 4077 854 4135 usa,
871 4056 1017 4126 dueatur

319 2802 336 2844 0
354 2779 415 2844 001)
431 2778 553 2863 ingenti
569 2801 676 2844 rerum
692 2778 880 2844 fundamina
896 2781 995 2865 ponit.
