2800 4500
226 259 269 326 62
443 268 445 270 ·
557 275 591 331 0.
610 275 736 334 ov1n11
752 275 916 335 0000000

226 420 301 484 pars
317 397 386 464 fieri
402 398 543 486 potuisse
560 411 693 485 negant3
711 422 785 486 pars
804 401 910 465 omnia
926 423 1019 467 veros

226 505 319 569 posse
337 485 413 550 deos
430 497 620 551 memorantz
638 485 695 552 sed
712 507 777 551 000
794 497 843 552 est
859 487 1006 552 Bacchus
1023 487 1057 552 in
1072 486 1144 553 illia.

226 570 366 655 poscitur
382 570 545 649 Alcithoe,
563 582 732 658 postquam
749 572 865 637 siluere
883 593 1016 638 sorores.

158 673 208 723 000
226 676 309 738 quae
326 655 415 721 radio
432 657 543 722 stantis
560 679 747 742 percurrens
764 657 899 722 stamina
915 658 997 724 telae

227 742 295 806 ‘vul
338 752 387 806 tos
403 741 508 808 taceo'
525 742 606 810 dixit
623 744 772 828 ‘pastoris
788 764 912 808 amores

225 763 406 913 Dapbhidis
423 827 528 906 Idaei,
546 849 641 912 quem
658 828 798 914 nymphe
814 830 944 914 paelicis
962 831 1009 894 ira

226 913 359 978 contulit
374 912 408 977 in
425 936 548 979 saxum.
583 924 689 979 tantus
708 913 798 979 dolor
814 916 878 979 urit
895 926 1048 980 amantes.

163 1020 166 1025 ·
225 1020 285 1064 000
301 998 425 1082 loquor,
441 1010 477 1064 ut
494 999 656 1082 quondam
673 1011 805 1065 naturae
821 1000 891 1065 iure
908 1013 1024 1066 novato

158 1100 209 1151 280
226 1083 395 1171 ambiguus
413 1084 508 1149 fuerit
524 1085 620 1149 modo
637 1085 695 1161 vir,
713 1085 808 1149 modo
825 1085 944 1150 femina
961 1084 1086 1153 Sithon.

225 1180 258 1234 te
274 1191 417 1254 quoque,
435 1192 521 1235 nunc
537 1170 682 1248 adamas,
700 1171 860 1253 quondam
877 1171 1028 1236 fidissime
1045 1192 1154 1256 parvo,

159 1280 161 1282 ·
227 1252 344 1331 Celmi,
362 1255 447 1332 Iovi,
463 1256 616 1341 largoque
634 1267 718 1321 satos
737 1253 873 1321 Curetas
891 1257 931 1320 ab
948 1256 1052 1333 imbri,

224 1357 258 1406 et
277 1337 403 1405 Crocon
419 1340 453 1405 in
469 1363 585 1426 parvos
602 1363 729 1406 versum
748 1362 820 1405 cum
839 1340 977 1408 Smilace
994 1342 1087 1408 flores

225 1436 404 1511 praetereo,
422 1426 570 1509 dulcique
588 1427 710 1491 animos
727 1428 868 1492 novitate
884 1426 1009 1492 tenebo.

158 1527 208 1580 tto
268 1509 366 1576 Unde
383 1512 423 1576 sit
439 1511 578 1589 infamis,
596 1533 694 1596 quare
711 1514 794 1578 male
811 1511 946 1577 fortibus
960 1512 1054 1578 undis
1072 1509 1214 1570 (Sarnaca
1224 1518 1249 1563 er

227 1595 383 1664 Salmacis
400 1608 530 1663 enervet
545 1608 710 1682 tactosque
726 1597 881 1663 remolliat
898 1608 995 1676 artus,
1072 1579 1248 1700 lew'

227 1682 347 1749 discite.
391 1705 488 1748 causa
504 1684 594 1760 latet3
612 1684 660 1748 vis
678 1693 728 1749 est
743 1682 907 1747 notissima
924 1683 1031 1749 fontis.
1188 1650 1205 1714 ·)

226 1767 389 1834 Mercurio
406 1790 542 1854 puerum
559 1769 634 1834 diva
652 1766 845 1854 Cytheretde
861 1779 973 1834 natum

226 1853 345 1920 Naides
363 1854 469 1920 Idaeis
487 1854 664 1920 enutrivere
682 1853 743 1919 sub
760 1855 874 1932 antris3

159 1957 210 2009 290
227 1940 317 2005 cuius
335 1951 402 2004 erat
418 1938 530 2017 facies,
548 1940 582 2005 in
599 1961 664 2023 qua
680 1952 845 2026 materque
862 1950 1015 2025 paterque

227 2025 377 2111 cognosci
393 2037 536 2111 possent:
554 2046 671 2090 nomen
689 2046 818 2110 quoque
835 2025 931 2090 traxit
948 2025 989 2090 ab
1006 2023 1078 2092 illia.

226 2109 254 2176 is
271 2109 421 2176 triacum
438 2111 576 2197 primum
592 2112 668 2177 fecit
684 2111 915 2195 quinquennia,
933 2123 1057 2176 montes

227 2195 366 2263 deseruit
382 2196 516 2283 patrios,
534 2197 656 2282 Idaque
674 2196 783 2263 altrice
801 2196 910 2263 relicta

226 2283 344 2432 {ignotis
362 2306 466 2348 errare
483 2284 574 2361 locis,
593 2283 701 2369 ignota
719 2283 827 2348 videre

159 2387 209 2438 005
249 2368 358 2433 umina
374 2368 551 2454 gaudebat,
568 2369 673 2433 studio
690 2369 852 2434 minuente
869 2368 1020 2433 laborem.

226 2454 280 2519 ille
297 2454 392 2519 etiam
410 2453 528 2539 Lycias
545 2455 641 2518 urbes
659 2454 844 2540 Lyciaeque
861 2453 1056 2539 propinquos

177 2611 180 2620 ¹
228 2536 329 2604 Caras
348 2539 421 2603 adit.
464 2538 551 2604 videt
568 2538 620 2604 hic
638 2550 786 2624 stagnum
804 2538 937 2604 lucentis
955 2539 995 2604 ad
1012 2539 1113 2603 imum

226 2645 328 2708 usque
345 2625 449 2689 solum
465 2623 624 2710 lymphae.
666 2646 731 2689 000
747 2624 812 2689 illic
829 2646 932 2689 canna
948 2624 1096 2709 palustris

158 2739 160 2747 ·
226 2732 286 2776 nec
303 2710 424 2775 steriles
441 2710 535 2775 ulvae
552 2731 611 2774 nec
629 2720 723 2775 acuta
740 2709 871 2795 cuspide
887 2709 987 2775 iunci:

158 2816 210 2866 000
226 2795 533 2884 perspicuus'liquor
550 2807 607 2861 ast.
651 2797 756 2882 stagni
773 2807 880 2862 tamen
897 2795 1008 2860 ultima
1025 2794 1099 2861 vivo

227 2882 365 2967 caespite
382 2882 554 2966 cinguntur
570 2904 758 2967 semperque
776 2880 950 2947 virentibus
968 2879 1084 2946 herbis.

225 2966 369 3054 nympha
385 2967 474 3044 colit,
492 2967 549 3032 sed
565 2988 626 3033 000
643 2968 810 3033 venatibus
828 2978 917 3052 apta,
935 2987 996 3031 nec
1012 2988 1105 3030 arcus

226 3054 352 3119 flectere
370 3074 452 3137 quae
470 3054 585 3130 soleat,
602 3075 663 3119 000
679 3074 763 3138 quae
781 3052 971 3117 contendere
989 3073 1084 3116 cursu
1089 3074 1099 3128 3

226 3139 357 3223 solaque
373 3138 533 3202 Naiadum
551 3138 646 3203 celeri
662 3160 727 3202 non
743 3151 818 3203 nota
835 3136 972 3201 Dianae.

157 3244 207 3295 805
226 3247 321 3310 saepe
338 3246 413 3289 suas
430 3224 476 3288 illi
492 3224 579 3288 fama
595 3236 643 3288 est
660 3223 777 3288 dixisse
795 3244 917 3287 sorores

226 3308 404 3385 “Salmaci,
422 3309 474 3373 vel
490 3308 630 3374 iaculum
646 3310 698 3373 vel
716 3309 817 3393 pictas
834 3328 925 3372 sume
942 3306 1116 3392 pharetras,

226 3409 257 3460 et
275 3408 331 3459 tua
348 3415 422 3458 cum
439 3393 526 3459 duris
543 3394 712 3459 venatibus
730 3393 796 3458 otia
811 3391 948 3457 misce:''

224 3502 285 3545 000
301 3479 440 3545 iaculum
457 3479 553 3543 sumit
569 3500 629 3543 000
644 3478 748 3564 pictas
764 3477 819 3542 illa
835 3477 1009 3563 pharetras,

159 3607 160 3610 =
224 3586 285 3629 nec
302 3587 362 3629 sua
378 3585 453 3629 cum
470 3564 557 3628 duris
574 3563 743 3629 venatibus
760 3562 825 3629 otia
841 3562 967 3639 miscet3

157 3668 208 3719 010
226 3649 282 3714 sed
299 3648 394 3713 modo
411 3650 500 3714 fonte
518 3670 575 3714 000
592 3649 749 3713 formosos
766 3647 883 3733 perluit
899 3661 996 3726 artus,

226 3756 321 3820 saepe
340 3731 510 3819 Cytoriaco
528 3733 656 3799 deducit
674 3733 799 3819 pectine
816 3732 928 3810 crines,

225 3831 257 3883 et
274 3817 352 3902 quid
369 3841 403 3884 se
421 3819 547 3895 deceat,
566 3829 723 3904 spectatas
741 3818 877 3883 consulit
893 3818 1009 3897 00ᾶοος

224 3924 311 3967 nunc
326 3903 502 3989 perlucenti
518 3904 713 3969 circumdata
730 3925 844 3989 corpus
862 3904 980 3969 amictu

225 3988 375 4053 mollibus
392 3999 448 4053 aut
465 3988 549 4054 foliis
567 4000 622 4055 aut
638 3989 787 4055 mollibus
804 3989 936 4054 incubat
952 3988 1072 4068 herbis3

157 4093 207 4145 010
225 4095 321 4161 saepe
338 4073 416 4161 legit
432 4074 534 4141 flores.
573 4087 606 4143 et
622 4086 699 4144 tunc
716 4096 844 4165 quoque
861 4075 943 4141 forte
959 4074 1098 4163 legebat,
