2800 4500
262 286 641 349 'METAMORPHOSEON
657 289 730 347 ΗΒ.
749 287 830 344 XIII.
849 286 978 344 31-118.
1071 270 1136 340 215

116 414 248 503 opposui
264 417 380 481 molem
399 414 491 501 clipei
508 414 636 498 texique
654 413 808 479 iacentem
1154 428 1186 480 ⁷5

116 501 300 585 servavique
318 500 456 586 animam
473 499 653 582 (minimum
671 509 720 565 est
735 497 788 562 hie
804 496 924 582 laudis)
940 495 1084 562 inertem.
1191 515 1193 518 ⁴

116 587 144 652 si
159 598 281 671 perstas
299 597 432 663 certare,
449 586 556 650 locum
573 585 740 650 redeamus
757 584 791 647 in
806 582 910 647 illum:

115 672 211 738 redde
228 671 351 737 hostem
368 671 547 755 vulnusque
564 682 655 735 tuum
673 669 863 752 solitumque
879 667 1035 745 timorem,

115 767 188 843 post
204 757 404 843 clipeumque
421 756 485 821 late
502 766 535 821 et
550 776 677 821 meeum
694 753 850 819 contende
867 753 928 817 sub
944 752 1009 817 illo.

116 854 149 906 at
165 853 332 928 postquam
350 841 465 926 eripui,
483 841 535 906 eui
552 840 657 905 standi
674 840 807 904 vulnera
824 838 906 903 vires
1155 858 1190 909 80

115 949 179 992 non
197 927 362 1003 dederant,
379 925 468 990 nullo
484 925 627 991 tardatus
644 926 774 990 vulnere
791 923 884 1008 fugit.
902 958 946 971 -

114 1017 234 1078 Hector
250 1012 341 1077 adest
358 1033 529 1094 secumque
547 1011 624 1076 deos
640 1011 675 1075 in
691 1008 812 1096 proelia
829 1008 930 1087 ducit3

114 1119 241 1182 quaque
257 1097 334 1173 ruit,
351 1119 416 1162 non
433 1106 468 1160 tu
485 1107 609 1161 tantum
625 1096 767 1173 terreris,
784 1093 893 1172 Ulixe,

114 1183 171 1248 sed
187 1183 286 1248 fortes
304 1182 413 1248 etiam:
431 1191 555 1246 tantum
571 1181 668 1246 trahit
683 1181 737 1246 ille
753 1179 885 1245 timoris.

114 1268 199 1333 hunc
217 1290 278 1355 ego
295 1267 489 1369 sanguineae
506 1288 655 1333 successu
672 1265 779 1332 caedis
797 1274 945 1331 ovantem
1155 1284 1189 1335 85
1261 1276 1263 1289 '

114 1353 237 1419 eminus
254 1352 375 1438 ingenti
391 1352 577 1438 resupinum
593 1352 733 1441 pondere
749 1350 833 1416 fudi:

114 1440 200 1504 hunc
217 1460 278 1540 ego
295 1449 492 1524 poscentem,
511 1459 583 1503 eum
601 1436 665 1523 quo
683 1448 898 1513 concurreret,
915 1457 998 1500 unus

115 1525 258 1590 sustinui.
302 1534 481 1608 sortemque
498 1545 603 1589 meam
620 1522 766 1601 vovistis,
784 1521 913 1599 Achivi,

115 1620 148 1676 et
164 1621 288 1676 vestrae
305 1609 433 1675 valuere
450 1630 570 1695 preces.
614 1607 642 1673 si
658 1607 810 1692 quaeritis
826 1607 921 1672 huius

113 1696 274 1760 fortunam
290 1717 433 1845 pugnae:
451 1717 515 1760 non
533 1717 605 1760 sum
622 1705 790 1780 superatus
807 1693 849 1757 ab
865 1693 933 1771 illo.¹
946 1728 991 1740 -
1157 1713 1191 1763 90

115 1801 189 1846 eece
205 1781 313 1846 ferunt
358 1785 430 1845 rods
447 1779 631 1864 ferrumque
647 1779 658 1843 i
704 1801 802 1862 esque
818 1778 992 1860 Iovemque

113 1867 147 1931 in
164 1865 296 1932 Danaas
313 1865 439 1931 classes.
483 1863 539 1929 ubi
555 1886 641 1930 nunc
673 1863 816 1929 acundus
832 1862 965 1927 Ulixes?

114 1974 230 2037 nempe
247 1972 308 2036 ego
325 1951 412 2015 mille
427 1972 500 2015 meo
509 1948 643 2097 protexi
659 1958 787 2034 pectore
804 1969 939 2033 puppes,

115 2059 204 2122 spem
221 2035 318 2101 vestri
334 2034 464 2098 reditus.
531 2044 582 2099 ate
600 2053 658 2118 pro
675 2044 725 2096 tot
738 2032 873 2097 navibus
891 2055 989 2097 arma.
1006 2069 1050 2080 —

115 2120 202 2204 quod
219 2121 247 2185 si
264 2142 339 2184 vera
357 2120 430 2183 lieet
446 2117 524 2182 mihi
542 2118 661 2195 dicere,
679 2118 843 2202 quaeritur
859 2117 938 2193 istis,
1061 2148 1063 2152 ⁴
1156 2139 1189 2187 95

115 2227 212 2289 quam
229 2205 322 2282 mihi,
338 2203 440 2269 maior
455 2203 570 2282 honos,
588 2203 820 2288 coniunctaque
837 2202 938 2289 gloria
955 2214 1063 2268 nostra
1081 2214 1141 2269 est:

115 2301 212 2374 atque
229 2290 315 2354 Aiax
332 2289 442 2367 armis,
459 2311 523 2354 non
540 2289 635 2355 Aiaci
652 2312 741 2354 arma
757 2299 918 2375 petuntur.

116 2376 259 2441 conferat
274 2375 324 2440 his
341 2375 471 2439 Ithacus
489 2375 632 2441 Rhesum
647 2374 871 2458 imbellemque
888 2374 1017 2439 Dolona

114 2461 362 2545 Priamidenque
379 2461 540 2526 Helenum
556 2472 648 2548 rapta
665 2453 740 2526 crim
756 2459 890 2524 Pallade
908 2459 1049 2545 captuml

115 2548 187 2613 luce
203 2546 281 2611 nihil
298 2558 437 2632 gestum,
455 2546 534 2611 nihil
551 2557 600 2612 est
616 2545 775 2611 Diomede
792 2557 924 2612 remoto.

116 2633 143 2698 ai
160 2631 258 2697 semel
276 2631 337 2697 ista
353 2631 435 2697 datis
452 2632 571 2697 meritis
589 2643 655 2697 tam
671 2632 787 2697 vilibus
805 2654 904 2708 arma,

116 2718 261 2794 dividite,
280 2729 312 2781 et
328 2740 401 2803 pars
419 2716 459 2781 sit
475 2717 577 2782 maior
594 2717 762 2783 Diomedis
779 2717 812 2781 in
829 2716 900 2781 illis.

50 2882 51 2885 Ἴ
116 2825 180 2888 quo
197 2814 305 2868 tamen
321 2803 401 2868 haec
418 2802 549 2867 Ithaco?
566 2802 621 2887 qui
639 2803 736 2879 clam,
753 2801 809 2886 qui
826 2824 952 2887 semper
968 2802 1096 2868 inermis

115 2910 183 2954 rem
192 2889 283 2975 'gerit
300 2899 332 2953 et
348 2887 439 2952 furtis
456 2888 619 2952 incautum
636 2887 754 2972 decipit
769 2888 913 2952 hostem?

114 2973 183 3059 ipse
200 2973 283 3038 nitor
299 2973 410 3059 galeae
428 2972 512 3037 claro
529 2972 681 3038 radiantis
698 2973 740 3036 ab
758 2994 836 3037 auro

115 3058 245 3124 insidias
262 3059 375 3145 prodet
391 3058 669 3141 manifestabitque
685 3057 846 3123 latentem.

116 3144 173 3209 sed
190 3166 293 3230 neque
310 3143 480 3209 Dulichius
497 3144 558 3209 sub
574 3142 711 3208 Achillis
729 3143 850 3209 casside
867 3154 977 3209 vertex

115 3230 258 3379 pondera
273 3241 362 3295 tanta
378 3229 472 3307 feret,
489 3251 631 3294 necnon
648 3250 782 3294 onerosa
798 3231 968 3315 gravisque

146 3315 222 3380 elias
239 3315 332 3380 hasta
347 3325 452 3400 potest
468 3314 648 3379 imbellibus
666 3337 735 3380 esse
752 3315 887 3393 lacertis,

115 3423 175 3466 nec
192 3400 327 3502 clipeus,
344 3400 426 3464 vasti
442 3400 581 3466 caelatus
598 3400 738 3485 imagine
754 3401 875 3477 mundi,

116 3497 282 3551 conveniet
298 3486 426 3551 timidae
443 3495 600 3570 nataeque
618 3485 660 3549 ad
676 3484 763 3550 furta
780 3485 934 3551 sinistrae.

116 3571 352 3637 debilitaturum
368 3571 447 3653 quid
462 3582 494 3637 te
511 3571 607 3656 petis,
624 3570 782 3656 improbe,
799 3572 934 3635 munus?

116 3657 202 3741 quod
220 3656 277 3720 tibi
294 3657 320 3720 si
338 3656 447 3742 populi
464 3656 628 3722 donaverit
646 3678 734 3721 error
750 3656 878 3733 Achivi,

116 3763 173 3806 cur
190 3742 347 3827 spolieris,
365 3741 437 3818 erit,
455 3763 519 3805 non
537 3763 594 3807 cur
610 3740 762 3808 metuaris
778 3741 820 3806 ab
836 3740 943 3819 hoste;

116 3837 148 3891 et
164 3827 257 3913 fuga,
276 3849 340 3910 qua
357 3828 425 3891 sola
442 3838 587 3905 cunctos,
605 3826 818 3904 timidissime,
835 3826 947 3905 vineis,

115 3912 206 3976 tarda
223 3913 331 3977 futura
348 3912 406 3977 tibi
423 3923 470 3977 est
487 3913 664 3998 gestamina
681 3922 770 3977 tanta
787 3911 933 3977 trahenti.

115 3998 197 4062 adde
215 3997 300 4081 quod
317 3997 376 4062 iste
393 4007 482 4074 tuus,
500 4010 565 4062 tam
582 4020 654 4063 raro
671 3998 791 4084 proelia
807 4019 930 4083 passus,

115 4081 238 4170 integer
256 4093 302 4149 est
321 4083 454 4169 clipeus3
472 4093 590 4163 nostro,
608 4083 745 4169 qui‘tela
760 4082 892 4149 ferendo
