2800 4500
336 258 704 325 lmrruonruosrou
719 255 793 321 mr.
812 258 849 321 x.
867 255 1012 321 rer-tu
1124 243 1185 318 171

165 391 234 479 ipse
250 402 348 479 neget
363 391 509 458 nocuisse
526 390 582 457 tibi
600 413 659 456 sua
676 389 740 455 tela
757 386 895 476 Cupido,

166 477 316 565 Myrrha,
332 478 483 561 facesque
500 499 574 542 suas
593 500 613 542 a
629 476 760 542 crimine
776 475 916 539 vindicet
932 473 1003 541 isto.

168 563 272 649 stipite
289 575 320 629 te
339 562 453 650 Stygio
471 562 662 645 tumidisque
679 560 809 626 adflavit
826 559 979 625 Echidnis

167 672 185 714 e
202 649 302 713 tribus
319 671 384 713 una
401 669 498 712 soror.
542 647 645 712 scelus
662 658 711 712 est
728 645 832 712 odisse
848 656 1026 731 parentem:

167 733 219 799 hic
236 754 324 798 amor
341 745 387 798 est
404 733 477 799 odio
494 731 596 797 maius
613 732 726 799 scelus.
770 730 910 815 undique
927 729 1001 796 lecti
1205 750 1254 802 313

166 829 198 884 te
215 818 346 904 cupiunt
362 840 523 905 proceres,
540 830 670 902 totoque
688 817 808 882 oriente
824 816 972 880 iuventus

166 904 208 967 ad
225 903 355 969 &alumi
373 916 532 969 certamen
549 902 648 968 adest.
692 925 733 968 ex
750 901 896 967 omnibus
913 923 1013 966 unum

166 988 263 1075 elige,
279 988 429 1073 Myrrha,
446 987 563 1055 viruml
581 987 658 1053 dum
674 1011 716 1053 ne
734 987 823 1053 sitin
840 985 987 1051 omuibus
1004 1008 1096 1050 unus.

165 1073 220 1138 illa
237 1074 366 1157 quidem
383 1075 477 1139 sentit
493 1073 651 1156 foedoque
667 1095 745 1159 repu
793 1084 825 1137 at
842 1071 941 1136 amori

166 1171 198 1224 et
215 1181 323 1225 secum
341 1166 430 1243 “quo
447 1171 552 1224 mente
569 1158 672 1224 feror?
690 1095 941 1242 quidnmolior?”
959 1155 1076 1240 inquit:
1205 1176 1256 1227 320

166 1243 238 1321 “di,
254 1265 376 1330 precor,
394 1255 426 1309 et
442 1244 544 1329 pietas
560 1254 748 1327 secretaque
764 1244 836 1308 iure
850 1253 1027 1328 parentum,

166 1327 227 1394 hoc
244 1328 409 1415 prohibete
425 1329 516 1394 nefas
534 1328 708 1414 scelerique
724 1326 860 1394 resistite
877 1325 1000 1392 nostrol
1033 1354 1038 1365 ·

166 1414 192 1478 si
210 1426 316 1479 temen
333 1414 395 1480 boc
411 1415 514 1479 scelus
531 1426 589 1480 est.
632 1413 689 1480 sed
707 1413 792 1479 enim
808 1412 959 1478 damnare
976 1423 1111 1497 negatur

165 1499 248 1564 hanc
264 1499 424 1565 Venerem
440 1499 556 1585 pietas:
574 1512 753 1584 coeuntque
770 1497 919 1563 animalia
934 1497 1022 1562 nullo

166 1595 271 1650 cetera
296 1584 427 1661 dilectu,
444 1606 504 1650 nec
520 1584 655 1651 habetur
671 1596 764 1671 turpe
780 1583 933 1650 iuvencae
1205 1602 1254 1652 333

165 1670 248 1735 ferre
265 1683 388 1755 patrem
404 1682 509 1756 tergo,
526 1669 562 1735 fit
579 1691 662 1755 equo
680 1692 739 1736 sua
755 1669 821 1734 filia
837 1668 990 1745 coniunx3

165 1775 308 1838 quasque
325 1755 456 1832 creavit,
474 1754 533 1820 init
549 1756 687 1842 pecudes
705 1777 815 1841 caper3
832 1754 977 1840 ipsaque,
995 1751 1085 1819 cuius

166 1839 285 1906 semine
301 1852 455 1926 concepta
471 1852 533 1916 est,
551 1863 591 1906 ex
607 1840 661 1905 illo
680 1838 818 1924 concipit
834 1840 910 1904 ales.

164 1925 288 2001 felices,
305 1925 421 2007 quibus
438 1925 500 1990 ista
516 1924 626 1991 licenti
651 1924 793 1990 humana
808 1923 965 2006 malignas

165 2031 242 2074 cura
259 2010 346 2075 dedit
362 2009 466 2095 leges,
484 2021 516 2075 et
532 2009 619 2094 quod
644 2020 759 2074 natura
775 2008 915 2085 remittit,
1205 2029 1257 2080 330

164 2093 274 2159 invide
290 2094 360 2159 iura
376 2106 504 2180 negant.
547 2105 658 2180 gentes
675 2105 783 2159 tamen
800 2115 869 2159 esse
887 2092 1041 2171 feruntur,

164 2179 197 2243 in
215 2179 332 2263 quibus
349 2190 381 2245 et
397 2191 473 2244 nato
490 2180 645 2266 genetrix,
663 2190 695 2245 et
711 2190 787 2245 neta
803 2178 926 2266 parenti

164 2265 317 2351 iungitur,
334 2276 370 2330 ut
386 2264 488 2351 pietas
505 2266 665 2352 geminato
683 2276 804 2331 crescat
822 2285 938 2330 amore.

164 2373 216 2416 me
232 2350 394 2427 miseram,
412 2350 499 2451 quod
516 2372 579 2415 non
597 2350 684 2416 nesci
701 2350 780 2415 mihi
797 2349 929 2435 contigit
946 2349 1019 2427 illic,

163 2436 354 2520 fortunaque
371 2435 433 2500 loci
448 2435 571 2501 laedorl
597 2436 674 2521 quid
690 2435 725 2501 in
741 2435 803 2501 ista
818 2435 982 2502 revolvor?
1205 2455 1255 2506 333

165 2543 236 2605 spes
253 2520 454 2599 interdictae,
471 2520 637 2588 disceditel
665 2521 782 2622 dignus
799 2522 899 2586 amori

164 2605 231 2684 ille,
250 2607 306 2673 sed
323 2617 360 2671 ut
399 2619 475 2683 ater,
494 2619 550 2672 est.
594 2628 671 2692 ergo
686 2630 715 2674 sr
733 2606 798 2672 lilia
814 2606 923 2693 magni

163 2711 228 2756 non
246 2713 349 2757 essem
367 2628 520 2777 dispas,
539 2689 678 2778 Cinyrae
696 2691 905 2758 concumbere
921 2713 1056 2778 possem.

163 2798 249 2841 nunc
287 2776 342 2841 uia
359 2776 424 2841 iam
441 2799 531 2842 meus
549 2789 611 2855 eet,
629 2797 694 2841 non
711 2790 760 2843 est
777 2800 881 2855 meus,
898 2776 1031 2863 ipsaque
1049 2777 1165 2843 damno

164 2872 213 2926 est
229 2798 306 2926 milri
323 2861 521 2947 proximitas:
540 2862 643 2927 aliena
659 2862 817 2948 potentior
833 2885 946 2928 essem.
1203 2883 1254 2934 340

163 2947 209 3011 ire
225 2945 304 3012 libet
320 2948 431 3032 procul
447 2946 522 3012 hinc
538 2946 723 3033 patriaeque
740 2947 917 3031 relinquere
934 2948 1023 3025 fines,

164 3032 242 3096 dum
258 3032 361 3097 seclus
379 3031 541 3117 effugiam.
584 3034 699 3098 retinet
715 3031 818 3097 malus
836 3032 930 3096 ardor
947 3043 1120 3098 amantem:

163 3129 200 3181 ut
215 3138 365 3201 praesens
383 3128 522 3203 spectem
540 3114 694 3203 Cinyram
712 3129 905 3202 tangamque
921 3118 1096 3201 loquarque

163 3201 334 3285 osculaque
352 3202 539 3268 admoveam
544 3249 554 3279 ,
571 3203 598 3267 si
614 3202 660 3267 nil
678 3202 862 3268 conceditur
878 3203 971 3267 ultra.

161 3286 244 3351 ultra
261 3295 367 3350 autem
385 3308 511 3370 sperare
529 3285 650 3369 aliquid
666 3296 768 3370 potes,
787 3284 885 3371 impia
903 3284 1005 3368 virgo,
1204 3309 1253 3359 84⁵

162 3390 237 3445 nec,
254 3379 333 3452 quot
349 3369 525 3434 confundas
542 3380 575 3434 et
590 3369 662 3434 iura
678 3381 712 3435 et
728 3370 871 3446 nomina,
889 3371 1005 3435 sentis?

163 3463 239 3517 tune
257 3452 318 3517 eris
335 3464 367 3518 et
384 3454 493 3518 matris
510 3454 624 3540 paelex
641 3466 673 3519 et
690 3455 834 3520 adultera
874 3455 968 3519 atris?

164 3548 240 3602 tune
258 3558 346 3602 soror
363 3537 429 3602 nati
445 3538 653 3624 genetrixque
671 3540 826 3605 vocabere
894 3539 970 3605 tris?

163 3643 223 3687 nec
240 3634 361 3687 metues
379 3633 446 3687 atro
465 3623 591 3688 crinitus
608 3647 714 3709 angue
732 3646 865 3702 sorores,

162 3727 242 3789 ques
258 3705 383 3771 facibus
401 3708 503 3772 saevis
520 3709 628 3774 oculos
646 3721 743 3792 atque
760 3731 816 3776 033
833 3721 976 3796 petentes
1202 3732 1253 3785 350

162 3791 257 3855 noxia
274 3791 371 3856 corda
387 3792 515 3857 vident?
539 3805 572 3858 et
588 3807 639 3872 tu,
656 3795 734 3859 dum
751 3816 881 3881 corpore
898 3818 962 3860 non
980 3818 1014 3862 es

161 3899 257 3962 passa
273 3876 379 3953 nefas,
396 3877 501 3941 animo
518 3900 559 3943 ne
576 3880 664 3945 conci
688 3902 722 3955 e,
738 3902 819 3945 neve
836 3882 972 3966 potentis

162 3961 333 4028 concubitu
349 3962 447 4028 vetito
464 3974 596 4029 naturae
613 3902 719 4051 pollue
737 3964 859 4030 foedus.

164 4047 243 4113 velle
260 4056 351 4133 puta:
369 4047 507 4146 resipsa
524 4060 618 4115 vetat.
661 4049 735 4136 pius
752 4049 820 4128 ille,
838 4074 1022 4136 memorque
1044 4064 1092 4117 est
1182 4132 1186 4136 ,
