<?xml version="1.0" encoding="UTF-8"?>
<!DOCTYPE html PUBLIC "-//W3C//DTD XHTML 1.0 Transitional//EN"
    "http://www.w3.org/TR/xhtml1/DTD/xhtml1-transitional.dtd">
<html xmlns="http://www.w3.org/1999/xhtml" xml:lang="en" lang="en">
 <head>
  <title>
</title>
<meta http-equiv="Content-Type" content="text/html;charset=utf-8" />
  <meta name='ocr-system' content='tesseract 3.04.00' />
  <meta name='ocr-capabilities' content='ocr_page ocr_carea ocr_par ocr_line ocrx_word'/>
</head>
<body>
  <div class='ocr_page' id='page_1' title='image "./povidiinasonisc00unkngoog_0123.png"; bbox 0 0 2800 4500; ppageno 0'>
   <div class='ocr_carea' id='block_1_1' title="bbox 294 227 1153 303">
    <p class='ocr_par' dir='ltr' id='par_1_1' title="bbox 294 227 1153 303">
     <span class='ocr_line' id='line_1_1' title="bbox 294 227 1153 303; baseline -0.003 -3"><span class='ocrx_word' id='word_1_1' title='bbox 294 240 663 303; x_wconf 84' lang='lat' dir='ltr'><strong>METAMORPHOSEON</strong></span> <span class='ocrx_word' id='word_1_2' title='bbox 678 242 753 301; x_wconf 85' lang='lat' dir='ltr'>LIB.</span> <span class='ocrx_word' id='word_1_3' title='bbox 771 242 821 303; x_wconf 90' lang='lat' dir='ltr'>IV.</span> <span class='ocrx_word' id='word_1_4' title='bbox 839 243 985 302; x_wconf 71' lang='lat' dir='ltr'>aco—447.</span> <span class='ocrx_word' id='word_1_5' title='bbox 1111 227 1153 297; x_wconf 79' lang='grc'>65</span> 
     </span>
    </p>
   </div>
   <div class='ocr_carea' id='block_1_2' title="bbox 130 368 1221 1391">
    <p class='ocr_par' dir='ltr' id='par_1_2' title="bbox 130 368 949 453">
     <span class='ocr_line' id='line_1_2' title="bbox 130 368 949 453; baseline -0.001 -19"><span class='ocrx_word' id='word_1_6' title='bbox 130 369 275 453; x_wconf 85' lang='lat' dir='ltr'>falsaque</span> <span class='ocrx_word' id='word_1_7' title='bbox 293 392 460 436; x_wconf 86' lang='lat' dir='ltr'>saevarum</span> <span class='ocrx_word' id='word_1_8' title='bbox 477 369 645 435; x_wconf 86' lang='lat' dir='ltr'>simulacra</span> <span class='ocrx_word' id='word_1_9' title='bbox 661 368 784 434; x_wconf 84' lang='lat' dir='ltr'>ululare</span> <span class='ocrx_word' id='word_1_10' title='bbox 800 368 949 434; x_wconf 83' lang='lat' dir='ltr'>ferarum.</span> 
     </span>
    </p>

    <p class='ocr_par' dir='ltr' id='par_1_3' title="bbox 130 453 1221 627">
     <span class='ocr_line' id='line_1_3' title="bbox 130 453 1221 524; baseline 0.005 -6"><span class='ocrx_word' id='word_1_11' title='bbox 130 455 253 520; x_wconf 87' lang='lat' dir='ltr'>fumida</span> <span class='ocrx_word' id='word_1_12' title='bbox 270 453 458 520; x_wconf 88' lang='lat' dir='ltr'>iamdudum</span> <span class='ocrx_word' id='word_1_13' title='bbox 473 455 598 521; x_wconf 89' lang='lat' dir='ltr'>latitant</span> <span class='ocrx_word' id='word_1_14' title='bbox 638 478 673 520; x_wconf 91' lang='lat' dir='ltr'>er</span> <span class='ocrx_word' id='word_1_15' title='bbox 688 466 772 520; x_wconf 85' lang='lat' dir='ltr'>tecta</span> <span class='ocrx_word' id='word_1_16' title='bbox 789 476 911 520; x_wconf 86' lang='lat' dir='ltr'>sorores</span> <span class='ocrx_word' id='word_1_17' title='bbox 1170 474 1221 524; x_wconf 82' lang='lat'>405</span> 
     </span>
     <span class='ocr_line' id='line_1_4' title="bbox 132 478 863 627; baseline 0 -22"><span class='ocrx_word' id='word_1_18' title='bbox 132 541 340 625; x_wconf 81' lang='lat' dir='ltr'>diversaeque</span> <span class='ocrx_word' id='word_1_19' title='bbox 357 540 435 605; x_wconf 90' lang='lat' dir='ltr'>locis</span> <span class='ocrx_word' id='word_1_20' title='bbox 451 540 543 627; x_wconf 89' lang='lat' dir='ltr'>ignes</span> <span class='ocrx_word' id='word_1_21' title='bbox 560 563 599 607; x_wconf 88' lang='lat' dir='ltr'>ac</span> <span class='ocrx_word' id='word_1_22' title='bbox 614 478 737 605; x_wconf 79' lang='lat' dir='ltr'>lumina</span> <span class='ocrx_word' id='word_1_23' title='bbox 753 540 863 605; x_wconf 86' lang='lat' dir='ltr'>vitant.</span> 
     </span>
    </p>

    <p class='ocr_par' dir='ltr' id='par_1_4' title="bbox 130 626 1086 794">
     <span class='ocr_line' id='line_1_5' title="bbox 133 626 1086 711; baseline 0.001 -21"><span class='ocrx_word' id='word_1_24' title='bbox 133 626 272 709; x_wconf 91' lang='lat' dir='ltr'>dumque</span> <span class='ocrx_word' id='word_1_25' title='bbox 289 637 403 711; x_wconf 88' lang='lat' dir='ltr'>petunt</span> <span class='ocrx_word' id='word_1_26' title='bbox 415 627 573 702; x_wconf 83' lang='lat' dir='ltr'>tenebras,</span> <span class='ocrx_word' id='word_1_27' title='bbox 589 647 706 710; x_wconf 87' lang='lat' dir='ltr'>parvos</span> <span class='ocrx_word' id='word_1_28' title='bbox 723 626 908 690; x_wconf 88' lang='lat' dir='ltr'>membrana</span> <span class='ocrx_word' id='word_1_29' title='bbox 924 648 982 711; x_wconf 92' lang='lat' dir='ltr'>per</span> <span class='ocrx_word' id='word_1_30' title='bbox 998 637 1086 691; x_wconf 87' lang='lat' dir='ltr'>artus</span> 
     </span>
     <span class='ocr_line' id='line_1_6' title="bbox 130 709 907 794; baseline 0.001 -22"><span class='ocrx_word' id='word_1_31' title='bbox 130 709 300 794; x_wconf 83' lang='lat' dir='ltr'>porrigitur</span> <span class='ocrx_word' id='word_1_32' title='bbox 317 710 468 792; x_wconf 91' lang='lat' dir='ltr'>tenuique</span> <span class='ocrx_word' id='word_1_33' title='bbox 484 710 617 774; x_wconf 90' lang='lat' dir='ltr'>includit</span> <span class='ocrx_word' id='word_1_34' title='bbox 635 709 783 774; x_wconf 87' lang='lat' dir='ltr'>bracchia</span> <span class='ocrx_word' id='word_1_35' title='bbox 800 710 907 792; x_wconf 89' lang='lat' dir='ltr'>pinna.</span> 
     </span>
    </p>

    <p class='ocr_par' dir='ltr' id='par_1_5' title="bbox 132 794 939 878">
     <span class='ocr_line' id='line_1_7' title="bbox 132 794 939 878; baseline 0 -20"><span class='ocrx_word' id='word_1_36' title='bbox 132 815 192 859; x_wconf 91' lang='lat' dir='ltr'>nec</span> <span class='ocrx_word' id='word_1_37' title='bbox 209 815 273 878; x_wconf 84' lang='lat' dir='ltr'>qua</span> <span class='ocrx_word' id='word_1_38' title='bbox 289 794 484 878; x_wconf 85' lang='lat' dir='ltr'>perdiderint</span> <span class='ocrx_word' id='word_1_39' title='bbox 500 805 639 860; x_wconf 86' lang='lat' dir='ltr'>veterem</span> <span class='ocrx_word' id='word_1_40' title='bbox 656 795 777 859; x_wconf 89' lang='lat' dir='ltr'>ratione</span> <span class='ocrx_word' id='word_1_41' title='bbox 793 794 939 878; x_wconf 85' lang='lat' dir='ltr'>figurem,</span> 
     </span>
    </p>

    <p class='ocr_par' dir='ltr' id='par_1_6' title="bbox 133 878 1221 1048">
     <span class='ocr_line' id='line_1_8' title="bbox 134 878 1221 965; baseline 0.004 -22"><span class='ocrx_word' id='word_1_42' title='bbox 134 879 214 944; x_wconf 87' lang='lat' dir='ltr'>scire</span> <span class='ocrx_word' id='word_1_43' title='bbox 231 878 338 944; x_wconf 90' lang='lat' dir='ltr'>sinunt</span> <span class='ocrx_word' id='word_1_44' title='bbox 354 878 513 944; x_wconf 84' lang='lat' dir='ltr'>tenebrae.</span> <span class='ocrx_word' id='word_1_45' title='bbox 556 902 621 944; x_wconf 93' lang='lat' dir='ltr'>non</span> <span class='ocrx_word' id='word_1_46' title='bbox 637 879 707 943; x_wconf 88' lang='lat' dir='ltr'>illas</span> <span class='ocrx_word' id='word_1_47' title='bbox 723 879 834 965; x_wconf 89' lang='lat' dir='ltr'>pluma</span> <span class='ocrx_word' id='word_1_48' title='bbox 849 879 982 945; x_wconf 82' lang='lat' dir='ltr'>levavit:</span> <span class='ocrx_word' id='word_1_49' title='bbox 1169 898 1221 947; x_wconf 79' lang='lat'>410</span> 
     </span>
     <span class='ocr_line' id='line_1_9' title="bbox 133 963 935 1048; baseline 0 -20"><span class='ocrx_word' id='word_1_50' title='bbox 133 964 309 1029; x_wconf 81' lang='lat' dir='ltr'>sustinuere</span> <span class='ocrx_word' id='word_1_51' title='bbox 327 977 433 1029; x_wconf 90' lang='lat' dir='ltr'>tamen</span> <span class='ocrx_word' id='word_1_52' title='bbox 450 987 485 1030; x_wconf 90' lang='lat' dir='ltr'>se</span> <span class='ocrx_word' id='word_1_53' title='bbox 501 964 736 1048; x_wconf 81' lang='lat' dir='ltr'>perlucentibus</span> <span class='ocrx_word' id='word_1_54' title='bbox 754 963 822 1029; x_wconf 88' lang='lat' dir='ltr'>alis.</span> <span class='ocrx_word' id='word_1_55' title='bbox 932 1043 935 1047; x_wconf 19' lang='lat'>¹</span> 
     </span>
    </p>

    <p class='ocr_par' dir='ltr' id='par_1_7' title="bbox 133 1050 979 1137">
     <span class='ocr_line' id='line_1_10' title="bbox 133 1050 979 1137; baseline -0.001 -22"><span class='ocrx_word' id='word_1_56' title='bbox 133 1060 328 1134; x_wconf 77' lang='lat' dir='ltr'>conataeque</span> <span class='ocrx_word' id='word_1_57' title='bbox 345 1050 446 1133; x_wconf 88' lang='lat' dir='ltr'>loqui,</span> <span class='ocrx_word' id='word_1_58' title='bbox 465 1051 628 1114; x_wconf 90' lang='lat' dir='ltr'>minimam</span> <span class='ocrx_word' id='word_1_59' title='bbox 645 1072 703 1136; x_wconf 92' lang='lat' dir='ltr'>pro</span> <span class='ocrx_word' id='word_1_60' title='bbox 721 1054 851 1137; x_wconf 87' lang='lat' dir='ltr'>corpore</span> <span class='ocrx_word' id='word_1_61' title='bbox 868 1071 979 1115; x_wconf 85' lang='lat' dir='ltr'>vocem</span> 
     </span>
    </p>

    <p class='ocr_par' dir='ltr' id='par_1_8' title="bbox 133 1133 939 1220">
     <span class='ocr_line' id='line_1_11' title="bbox 133 1133 939 1220; baseline -0.002 -19"><span class='ocrx_word' id='word_1_62' title='bbox 133 1133 280 1201; x_wconf 89' lang='lat' dir='ltr'>emittunt</span> <span class='ocrx_word' id='word_1_63' title='bbox 295 1146 515 1220; x_wconf 86' lang='lat' dir='ltr'>peraguntque</span> <span class='ocrx_word' id='word_1_64' title='bbox 531 1135 618 1201; x_wconf 84' lang='lat' dir='ltr'>leves</span> <span class='ocrx_word' id='word_1_65' title='bbox 634 1134 768 1201; x_wconf 89' lang='lat' dir='ltr'>stridore</span> <span class='ocrx_word' id='word_1_66' title='bbox 786 1136 939 1218; x_wconf 85' lang='lat' dir='ltr'>querelas.</span> 
     </span>
    </p>

    <p class='ocr_par' dir='ltr' id='par_1_9' title="bbox 132 1220 1031 1306">
     <span class='ocr_line' id='line_1_12' title="bbox 132 1220 1031 1306; baseline -0.003 -19"><span class='ocrx_word' id='word_1_67' title='bbox 132 1231 295 1304; x_wconf 88' lang='lat' dir='ltr'>tectaque,</span> <span class='ocrx_word' id='word_1_68' title='bbox 311 1241 374 1285; x_wconf 92' lang='lat' dir='ltr'>non</span> <span class='ocrx_word' id='word_1_69' title='bbox 394 1220 504 1297; x_wconf 86' lang='lat' dir='ltr'>silvas,</span> <span class='ocrx_word' id='word_1_70' title='bbox 522 1221 697 1299; x_wconf 83' lang='lat' dir='ltr'>celebrant3</span> <span class='ocrx_word' id='word_1_71' title='bbox 714 1220 881 1304; x_wconf 89' lang='lat' dir='ltr'>lucemque</span> <span class='ocrx_word' id='word_1_72' title='bbox 899 1241 1031 1306; x_wconf 89' lang='lat' dir='ltr'>perosae</span> 
     </span>
    </p>

    <p class='ocr_par' dir='ltr' id='par_1_10' title="bbox 132 1307 1220 1391">
     <span class='ocr_line' id='line_1_13' title="bbox 132 1307 1220 1391; baseline 0.002 -20"><span class='ocrx_word' id='word_1_73' title='bbox 132 1317 226 1372; x_wconf 90' lang='lat' dir='ltr'>nocte</span> <span class='ocrx_word' id='word_1_74' title='bbox 243 1307 351 1370; x_wconf 89' lang='lat' dir='ltr'>volant</span> <span class='ocrx_word' id='word_1_75' title='bbox 368 1327 501 1390; x_wconf 91' lang='lat' dir='ltr'>seroque</span> <span class='ocrx_word' id='word_1_76' title='bbox 514 1317 620 1371; x_wconf 89' lang='lat' dir='ltr'>tenent</span> <span class='ocrx_word' id='word_1_77' title='bbox 638 1329 657 1369; x_wconf 88' lang='lat' dir='ltr'>a</span> <span class='ocrx_word' id='word_1_78' title='bbox 675 1328 806 1391; x_wconf 83' lang='lat' dir='ltr'>vespere</span> <span class='ocrx_word' id='word_1_79' title='bbox 823 1327 949 1369; x_wconf 90' lang='lat' dir='ltr'>nomen.</span> <span class='ocrx_word' id='word_1_80' title='bbox 1170 1325 1220 1374; x_wconf 79' lang='lat'>415</span> 
     </span>
    </p>
   </div>
   <div class='ocr_carea' id='block_1_3' title="bbox 175 1388 1324 1459">
    <p class='ocr_par' dir='ltr' id='par_1_11' title="bbox 175 1388 1324 1459">
     <span class='ocr_line' id='line_1_14' title="bbox 175 1388 1324 1459; baseline -0.017 -2"><span class='ocrx_word' id='word_1_81' title='bbox 175 1392 261 1459; x_wconf 83' lang='lat' dir='ltr'>Tum</span> <span class='ocrx_word' id='word_1_82' title='bbox 279 1413 354 1457; x_wconf 85' lang='lat' dir='ltr'>vero</span> <span class='ocrx_word' id='word_1_83' title='bbox 371 1391 444 1455; x_wconf 90' lang='lat' dir='ltr'>totis</span> <span class='ocrx_word' id='word_1_84' title='bbox 461 1391 582 1456; x_wconf 88' lang='lat' dir='ltr'>Bacchi</span> <span class='ocrx_word' id='word_1_85' title='bbox 599 1390 803 1455; x_wconf 89' lang='lat' dir='ltr'>memorabile</span> <span class='ocrx_word' id='word_1_86' title='bbox 819 1389 940 1455; x_wconf 84' lang='lat' dir='ltr'>Thebis</span> <span class='ocrx_word' id='word_1_87' title='bbox 1047 1389 1097 1442; x_wconf 83' lang='lat' dir='ltr'>Ino</span> <span class='ocrx_word' id='word_1_88' title='bbox 1108 1397 1132 1440; x_wconf 78' lang='lat' dir='ltr'>er</span> <span class='ocrx_word' id='word_1_89' title='bbox 1143 1388 1220 1442; x_wconf 79' lang='lat' dir='ltr'>Meti·</span> <span class='ocrx_word' id='word_1_90' title='bbox 1322 1408 1324 1412; x_wconf 95' lang='lat'>·</span> 
     </span>
    </p>
   </div>
   <div class='ocr_carea' id='block_1_4' title="bbox 1090 1465 1178 1511">
    <p class='ocr_par' dir='ltr' id='par_1_12' title="bbox 1090 1465 1178 1511">
     <span class='ocr_line' id='line_1_15' title="bbox 1090 1465 1178 1511; baseline 0.023 -2"><span class='ocrx_word' id='word_1_91' title='bbox 1090 1465 1178 1511; x_wconf 70' lang='lat' dir='ltr'>certe-3.</span> 
     </span>
    </p>
   </div>
   <div class='ocr_carea' id='block_1_5' title="bbox 132 1472 1222 2002">
    <p class='ocr_par' dir='ltr' id='par_1_13' title="bbox 132 1472 951 1731">
     <span class='ocr_line' id='line_1_16' title="bbox 133 1472 941 1561; baseline -0.004 -18"><span class='ocrx_word' id='word_1_92' title='bbox 133 1499 252 1544; x_wconf 91' lang='lat' dir='ltr'>numen</span> <span class='ocrx_word' id='word_1_93' title='bbox 269 1489 350 1553; x_wconf 89' lang='lat' dir='ltr'>erat,</span> <span class='ocrx_word' id='word_1_94' title='bbox 367 1497 563 1561; x_wconf 85' lang='lat' dir='ltr'>magnasque</span> <span class='ocrx_word' id='word_1_95' title='bbox 579 1476 655 1540; x_wconf 89' lang='lat' dir='ltr'>novi</span> <span class='ocrx_word' id='word_1_96' title='bbox 671 1486 841 1541; x_wconf 86' lang='lat' dir='ltr'>matertera</span> <span class='ocrx_word' id='word_1_97' title='bbox 858 1472 941 1540; x_wconf 90' lang='lat' dir='ltr'>vires</span> 
     </span>
     <span class='ocr_line' id='line_1_17' title="bbox 132 1560 951 1647; baseline -0.004 -19"><span class='ocrx_word' id='word_1_98' title='bbox 132 1573 240 1628; x_wconf 89' lang='lat' dir='ltr'>narrat</span> <span class='ocrx_word' id='word_1_99' title='bbox 255 1561 376 1646; x_wconf 90' lang='lat' dir='ltr'>ubique</span> <span class='ocrx_word' id='word_1_100' title='bbox 393 1561 459 1639; x_wconf 90' lang='lat' dir='ltr'>dei,</span> <span class='ocrx_word' id='word_1_101' title='bbox 476 1561 517 1627; x_wconf 90' lang='lat' dir='ltr'>de</span> <span class='ocrx_word' id='word_1_102' title='bbox 534 1572 643 1645; x_wconf 88' lang='lat' dir='ltr'>totque</span> <span class='ocrx_word' id='word_1_103' title='bbox 661 1560 820 1626; x_wconf 89' lang='lat' dir='ltr'>sororibus</span> <span class='ocrx_word' id='word_1_104' title='bbox 838 1582 951 1647; x_wconf 87' lang='lat' dir='ltr'>expers</span> 
     </span>
     <span class='ocr_line' id='line_1_18' title="bbox 133 1646 891 1731; baseline -0.004 -18"><span class='ocrx_word' id='word_1_105' title='bbox 133 1672 198 1713; x_wconf 90' lang='lat' dir='ltr'>una</span> <span class='ocrx_word' id='word_1_106' title='bbox 216 1648 332 1713; x_wconf 90' lang='lat' dir='ltr'>doloris</span> <span class='ocrx_word' id='word_1_107' title='bbox 349 1658 429 1725; x_wconf 84' lang='lat' dir='ltr'>erat,</span> <span class='ocrx_word' id='word_1_108' title='bbox 447 1647 509 1712; x_wconf 90' lang='lat' dir='ltr'>nisi</span> <span class='ocrx_word' id='word_1_109' title='bbox 525 1668 621 1731; x_wconf 89' lang='lat' dir='ltr'>quem</span> <span class='ocrx_word' id='word_1_110' title='bbox 637 1646 741 1712; x_wconf 83' lang='lat' dir='ltr'>fecere</span> <span class='ocrx_word' id='word_1_111' title='bbox 760 1667 891 1710; x_wconf 88' lang='lat' dir='ltr'>sorores.</span> 
     </span>
    </p>

    <p class='ocr_par' dir='ltr' id='par_1_14' title="bbox 134 1731 1222 1894">
     <span class='ocr_line' id='line_1_19' title="bbox 134 1731 1222 1815; baseline -0.003 -17"><span class='ocrx_word' id='word_1_112' title='bbox 134 1758 169 1798; x_wconf 86' lang='lat' dir='ltr'>as</span> <span class='ocrx_word' id='word_1_113' title='bbox 192 1733 246 1799; x_wconf 90' lang='lat' dir='ltr'>icit</span> <span class='ocrx_word' id='word_1_114' title='bbox 263 1732 359 1810; x_wconf 89' lang='lat' dir='ltr'>hane,</span> <span class='ocrx_word' id='word_1_115' title='bbox 377 1732 458 1798; x_wconf 89' lang='lat' dir='ltr'>natis</span> <span class='ocrx_word' id='word_1_116' title='bbox 475 1732 677 1815; x_wconf 89' lang='lat' dir='ltr'>thalamoque</span> <span class='ocrx_word' id='word_1_117' title='bbox 695 1731 899 1796; x_wconf 85' lang='lat' dir='ltr'>Athamantis</span> <span class='ocrx_word' id='word_1_118' title='bbox 916 1731 1086 1797; x_wconf 86' lang='lat' dir='ltr'>habentem</span> <span class='ocrx_word' id='word_1_119' title='bbox 1171 1752 1222 1801; x_wconf 79' lang='lat'>420</span> 
     </span>
     <span class='ocr_line' id='line_1_20' title="bbox 134 1758 887 1894; baseline -0.004 -11"><span class='ocrx_word' id='word_1_120' title='bbox 134 1758 285 1884; x_wconf 78' lang='lat' dir='ltr'>sublimes</span> <span class='ocrx_word' id='word_1_121' title='bbox 302 1819 424 1884; x_wconf 85' lang='lat' dir='ltr'>animos</span> <span class='ocrx_word' id='word_1_122' title='bbox 440 1829 473 1885; x_wconf 88' lang='lat' dir='ltr'>et</span> <span class='ocrx_word' id='word_1_123' title='bbox 489 1817 617 1883; x_wconf 89' lang='lat' dir='ltr'>alumno</span> <span class='ocrx_word' id='word_1_124' title='bbox 633 1816 776 1893; x_wconf 88' lang='lat' dir='ltr'>numine,</span> <span class='ocrx_word' id='word_1_125' title='bbox 795 1817 887 1894; x_wconf 87' lang='lat' dir='ltr'>Iuno,</span> 
     </span>
    </p>

    <p class='ocr_par' dir='ltr' id='par_1_15' title="bbox 134 1902 914 2002">
     <span class='ocr_line' id='line_1_21' title="bbox 134 1902 914 2002; baseline -0.003 -33"><span class='ocrx_word' id='word_1_126' title='bbox 134 1927 194 1970; x_wconf 92' lang='lat' dir='ltr'>nec</span> <span class='ocrx_word' id='word_1_127' title='bbox 211 1904 297 1981; x_wconf 89' lang='lat' dir='ltr'>tulit,</span> <span class='ocrx_word' id='word_1_128' title='bbox 315 1915 347 1970; x_wconf 88' lang='lat' dir='ltr'>et</span> <span class='ocrx_word' id='word_1_129' title='bbox 364 1925 472 1969; x_wconf 90' lang='lat' dir='ltr'>secum</span> <span class='ocrx_word' id='word_1_130' title='bbox 490 1903 608 1989; x_wconf 88' lang='lat' dir='ltr'>‘potuit</span> <span class='ocrx_word' id='word_1_131' title='bbox 624 1903 665 2002; x_wconf 82' lang='lat' dir='ltr'>de</span> <span class='ocrx_word' id='word_1_132' title='bbox 682 1902 803 1988; x_wconf 88' lang='lat' dir='ltr'>paelice</span> <span class='ocrx_word' id='word_1_133' title='bbox 820 1913 914 1967; x_wconf 89' lang='lat' dir='ltr'>natus</span> 
     </span>
    </p>
   </div>
   <div class='ocr_carea' id='block_1_6' title="bbox 134 1989 1047 4198">
    <p class='ocr_par' dir='ltr' id='par_1_16' title="bbox 134 1989 1047 2761">
     <span class='ocr_line' id='line_1_22' title="bbox 134 1989 980 2075; baseline -0.001 -21"><span class='ocrx_word' id='word_1_134' title='bbox 134 2001 256 2056; x_wconf 87' lang='lat' dir='ltr'>vertere</span> <span class='ocrx_word' id='word_1_135' title='bbox 272 1989 440 2055; x_wconf 86' lang='lat' dir='ltr'>Maeonios</span> <span class='ocrx_word' id='word_1_136' title='bbox 457 1989 634 2075; x_wconf 86' lang='lat' dir='ltr'>pelagoque</span> <span class='ocrx_word' id='word_1_137' title='bbox 650 2008 839 2072; x_wconf 81' lang='lat' dir='ltr'>immergere</span> <span class='ocrx_word' id='word_1_138' title='bbox 856 1998 980 2065; x_wconf 90' lang='lat' dir='ltr'>nautas,</span> 
     </span>
     <span class='ocr_line' id='line_1_23' title="bbox 135 2071 870 2141; baseline -0.007 -1"><span class='ocrx_word' id='word_1_139' title='bbox 135 2086 167 2141; x_wconf 89' lang='lat' dir='ltr'>et</span> <span class='ocrx_word' id='word_1_140' title='bbox 183 2075 351 2141; x_wconf 87' lang='lat' dir='ltr'>laceranda</span> <span class='ocrx_word' id='word_1_141' title='bbox 368 2097 444 2140; x_wconf 90' lang='lat' dir='ltr'>suae</span> <span class='ocrx_word' id='word_1_142' title='bbox 462 2073 527 2138; x_wconf 87' lang='lat' dir='ltr'>nati</span> <span class='ocrx_word' id='word_1_143' title='bbox 545 2073 621 2138; x_wconf 91' lang='lat' dir='ltr'>dare</span> <span class='ocrx_word' id='word_1_144' title='bbox 639 2073 761 2138; x_wconf 87' lang='lat' dir='ltr'>viscera</span> <span class='ocrx_word' id='word_1_145' title='bbox 777 2071 870 2136; x_wconf 89' lang='lat' dir='ltr'>matri</span> 
     </span>
     <span class='ocr_line' id='line_1_24' title="bbox 135 2156 854 2247; baseline -0.007 -21"><span class='ocrx_word' id='word_1_146' title='bbox 135 2172 167 2226; x_wconf 91' lang='lat' dir='ltr'>et</span> <span class='ocrx_word' id='word_1_147' title='bbox 183 2160 322 2246; x_wconf 78' lang='lat' dir='ltr'>triplices</span> <span class='ocrx_word' id='word_1_148' title='bbox 338 2160 460 2247; x_wconf 91' lang='lat' dir='ltr'>operire</span> <span class='ocrx_word' id='word_1_149' title='bbox 477 2158 567 2223; x_wconf 85' lang='lat' dir='ltr'>novis</span> <span class='ocrx_word' id='word_1_150' title='bbox 583 2157 765 2243; x_wconf 74' lang='lat' dir='ltr'>Minyeidas</span> <span class='ocrx_word' id='word_1_151' title='bbox 782 2156 854 2222; x_wconf 81' lang='lat' dir='ltr'>alie:</span> 
     </span>
     <span class='ocr_line' id='line_1_25' title="bbox 135 2242 876 2333; baseline -0.007 -21"><span class='ocrx_word' id='word_1_152' title='bbox 135 2246 180 2312; x_wconf 91' lang='lat' dir='ltr'>nil</span> <span class='ocrx_word' id='word_1_153' title='bbox 197 2245 312 2333; x_wconf 90' lang='lat' dir='ltr'>poterit</span> <span class='ocrx_word' id='word_1_154' title='bbox 328 2247 410 2312; x_wconf 89' lang='lat' dir='ltr'>Iuno</span> <span class='ocrx_word' id='word_1_155' title='bbox 427 2244 488 2311; x_wconf 86' lang='lat' dir='ltr'>nisi</span> <span class='ocrx_word' id='word_1_156' title='bbox 504 2244 621 2309; x_wconf 90' lang='lat' dir='ltr'>inultos</span> <span class='ocrx_word' id='word_1_157' title='bbox 638 2243 716 2310; x_wconf 89' lang='lat' dir='ltr'>flere</span> <span class='ocrx_word' id='word_1_158' title='bbox 733 2242 876 2309; x_wconf 81' lang='lat' dir='ltr'>dolores?</span> 
     </span>
     <span class='ocr_line' id='line_1_26' title="bbox 135 2328 1045 2416; baseline -0.003 -19"><span class='ocrx_word' id='word_1_159' title='bbox 135 2332 231 2416; x_wconf 89' lang='lat' dir='ltr'>idque</span> <span class='ocrx_word' id='word_1_160' title='bbox 247 2331 325 2397; x_wconf 88' lang='lat' dir='ltr'>milri</span> <span class='ocrx_word' id='word_1_161' title='bbox 342 2332 417 2397; x_wconf 87' lang='lat' dir='ltr'>satie</span> <span class='ocrx_word' id='word_1_162' title='bbox 435 2330 502 2397; x_wconf 86' lang='lat' dir='ltr'>est?</span> <span class='ocrx_word' id='word_1_163' title='bbox 518 2330 597 2395; x_wconf 89' lang='lat' dir='ltr'>haec</span> <span class='ocrx_word' id='word_1_164' title='bbox 613 2353 679 2395; x_wconf 86' lang='lat' dir='ltr'>una</span> <span class='ocrx_word' id='word_1_165' title='bbox 695 2328 836 2415; x_wconf 87' lang='lat' dir='ltr'>potentia</span> <span class='ocrx_word' id='word_1_166' title='bbox 852 2339 960 2394; x_wconf 90' lang='lat' dir='ltr'>nostra</span> <span class='ocrx_word' id='word_1_167' title='bbox 977 2330 1045 2395; x_wconf 87' lang='lat' dir='ltr'>est?</span> 
     </span>
     <span class='ocr_line' id='line_1_27' title="bbox 135 2414 1047 2504; baseline -0.004 -21"><span class='ocrx_word' id='word_1_168' title='bbox 135 2418 203 2504; x_wconf 89' lang='lat' dir='ltr'>ipse</span> <span class='ocrx_word' id='word_1_169' title='bbox 221 2418 327 2496; x_wconf 88' lang='lat' dir='ltr'>dccet,</span> <span class='ocrx_word' id='word_1_170' title='bbox 345 2418 423 2501; x_wconf 92' lang='lat' dir='ltr'>quid</span> <span class='ocrx_word' id='word_1_171' title='bbox 441 2439 535 2502; x_wconf 88' lang='lat' dir='ltr'>agam</span> <span class='ocrx_word' id='word_1_172' title='bbox 552 2415 616 2498; x_wconf 82' lang='lat' dir='ltr'>(fas</span> <span class='ocrx_word' id='word_1_173' title='bbox 634 2425 732 2481; x_wconf 90' lang='lat' dir='ltr'>estet</span> <span class='ocrx_word' id='word_1_174' title='bbox 750 2414 791 2479; x_wconf 90' lang='lat' dir='ltr'>ab</span> <span class='ocrx_word' id='word_1_175' title='bbox 809 2414 898 2480; x_wconf 87' lang='lat' dir='ltr'>hoste</span> <span class='ocrx_word' id='word_1_176' title='bbox 916 2415 1047 2501; x_wconf 87' lang='lat' dir='ltr'>doceri),</span> 
     </span>
     <span class='ocr_line' id='line_1_28' title="bbox 136 2500 948 2588; baseline -0.005 -19"><span class='ocrx_word' id='word_1_177' title='bbox 136 2503 276 2588; x_wconf 89' lang='lat' dir='ltr'>quidque</span> <span class='ocrx_word' id='word_1_178' title='bbox 293 2503 382 2568; x_wconf 87' lang='lat' dir='ltr'>furor</span> <span class='ocrx_word' id='word_1_179' title='bbox 398 2503 516 2580; x_wconf 89' lang='lat' dir='ltr'>valeat,</span> <span class='ocrx_word' id='word_1_180' title='bbox 533 2501 679 2567; x_wconf 88' lang='lat' dir='ltr'>Penthea</span> <span class='ocrx_word' id='word_1_181' title='bbox 695 2500 793 2566; x_wconf 88' lang='lat' dir='ltr'>caede</span> <span class='ocrx_word' id='word_1_182' title='bbox 810 2500 948 2584; x_wconf 88' lang='lat' dir='ltr'>satisque</span> 
     </span>
     <span class='ocr_line' id='line_1_29' title="bbox 136 2586 954 2675; baseline -0.002 -22"><span class='ocrx_word' id='word_1_183' title='bbox 136 2610 174 2654; x_wconf 92' lang='lat' dir='ltr'>ac</span> <span class='ocrx_word' id='word_1_184' title='bbox 190 2611 287 2675; x_wconf 90' lang='lat' dir='ltr'>super</span> <span class='ocrx_word' id='word_1_185' title='bbox 303 2587 448 2653; x_wconf 83' lang='lat' dir='ltr'>ostendit</span> <span class='ocrx_word' id='word_1_186' title='bbox 492 2610 548 2652; x_wconf 90' lang='lat' dir='ltr'>cnr</span> <span class='ocrx_word' id='word_1_187' title='bbox 564 2609 628 2651; x_wconf 91' lang='lat' dir='ltr'>non</span> <span class='ocrx_word' id='word_1_188' title='bbox 645 2586 823 2651; x_wconf 89' lang='lat' dir='ltr'>stimuletur</span> <span class='ocrx_word' id='word_1_189' title='bbox 840 2597 954 2669; x_wconf 90' lang='lat' dir='ltr'>eatque</span> 
     </span>
     <span class='ocr_line' id='line_1_30' title="bbox 136 2670 879 2761; baseline -0.007 -22"><span class='ocrx_word' id='word_1_190' title='bbox 136 2697 194 2761; x_wconf 93' lang='lat' dir='ltr'>per</span> <span class='ocrx_word' id='word_1_191' title='bbox 210 2686 347 2759; x_wconf 87' lang='lat' dir='ltr'>cognata</span> <span class='ocrx_word' id='word_1_192' title='bbox 364 2672 429 2738; x_wconf 86' lang='lat' dir='ltr'>suis</span> <span class='ocrx_word' id='word_1_193' title='bbox 447 2673 593 2757; x_wconf 87' lang='lat' dir='ltr'>exempla</span> <span class='ocrx_word' id='word_1_194' title='bbox 609 2671 770 2736; x_wconf 88' lang='lat' dir='ltr'>furoribus</span> <span class='ocrx_word' id='word_1_195' title='bbox 788 2670 879 2735; x_wconf 78' lang='lat' dir='ltr'>Iuol&#39;</span> 
     </span>
    </p>

    <p class='ocr_par' dir='ltr' id='par_1_17' title="bbox 135 2755 1039 4120">
     <span class='ocr_line' id='line_1_31' title="bbox 178 2755 830 2824; baseline -0.005 -1"><span class='ocrx_word' id='word_1_196' title='bbox 178 2758 239 2824; x_wconf 84' lang='lat' dir='ltr'>Est</span> <span class='ocrx_word' id='word_1_197' title='bbox 256 2758 309 2823; x_wconf 88' lang='lat' dir='ltr'>via</span> <span class='ocrx_word' id='word_1_198' title='bbox 325 2757 456 2824; x_wconf 87' lang='lat' dir='ltr'>declivis</span> <span class='ocrx_word' id='word_1_199' title='bbox 473 2758 599 2823; x_wconf 87' lang='lat' dir='ltr'>funesta</span> <span class='ocrx_word' id='word_1_200' title='bbox 615 2755 725 2821; x_wconf 90' lang='lat' dir='ltr'>nubila</span> <span class='ocrx_word' id='word_1_201' title='bbox 741 2767 830 2821; x_wconf 78' lang='lat' dir='ltr'>taxor</span> 
     </span>
     <span class='ocr_line' id='line_1_32' title="bbox 137 2840 879 2928; baseline -0.005 -19"><span class='ocrx_word' id='word_1_202' title='bbox 137 2845 225 2909; x_wconf 89' lang='lat' dir='ltr'>ducit</span> <span class='ocrx_word' id='word_1_203' title='bbox 243 2845 284 2909; x_wconf 87' lang='lat' dir='ltr'>ad</span> <span class='ocrx_word' id='word_1_204' title='bbox 300 2842 440 2909; x_wconf 85' lang='lat' dir='ltr'>infernas</span> <span class='ocrx_word' id='word_1_205' title='bbox 457 2852 619 2928; x_wconf 86' lang='lat' dir='ltr'>permuta</span> <span class='ocrx_word' id='word_1_206' title='bbox 636 2840 762 2907; x_wconf 87' lang='lat' dir='ltr'>silentia</span> <span class='ocrx_word' id='word_1_207' title='bbox 778 2841 879 2906; x_wconf 86' lang='lat' dir='ltr'>sedes.</span> 
     </span>
     <span class='ocr_line' id='line_1_33' title="bbox 137 2927 978 3015; baseline -0.006 -19"><span class='ocrx_word' id='word_1_208' title='bbox 137 2929 221 3015; x_wconf 84' lang='lat' dir='ltr'>Styx</span> <span class='ocrx_word' id='word_1_209' title='bbox 238 2929 371 2994; x_wconf 91' lang='lat' dir='ltr'>nebulas</span> <span class='ocrx_word' id='word_1_210' title='bbox 388 2929 493 2994; x_wconf 87' lang='lat' dir='ltr'>exalat</span> <span class='ocrx_word' id='word_1_211' title='bbox 510 2928 608 3003; x_wconf 88' lang='lat' dir='ltr'>iners,</span> <span class='ocrx_word' id='word_1_212' title='bbox 625 2927 820 3009; x_wconf 88' lang='lat' dir='ltr'>umbraeque</span> <span class='ocrx_word' id='word_1_213' title='bbox 836 2936 978 2991; x_wconf 85' lang='lat' dir='ltr'>recentes</span> 
     </span>
     <span class='ocr_line' id='line_1_34' title="bbox 137 3009 972 3097; baseline -0.007 -17"><span class='ocrx_word' id='word_1_214' title='bbox 137 3014 331 3081; x_wconf 90' lang='lat' dir='ltr'>descendunt</span> <span class='ocrx_word' id='word_1_215' title='bbox 348 3013 420 3078; x_wconf 92' lang='lat' dir='ltr'>illac</span> <span class='ocrx_word' id='word_1_216' title='bbox 437 3012 667 3095; x_wconf 90' lang='lat' dir='ltr'>simulacraque</span> <span class='ocrx_word' id='word_1_217' title='bbox 683 3011 794 3077; x_wconf 83' lang='lat' dir='ltr'>functa</span> <span class='ocrx_word' id='word_1_218' title='bbox 811 3009 972 3097; x_wconf 87' lang='lat' dir='ltr'>sepulcris.</span> 
     </span>
     <span class='ocr_line' id='line_1_35' title="bbox 136 3096 1016 3187; baseline 0.001 -27"><span class='ocrx_word' id='word_1_219' title='bbox 136 3097 251 3187; x_wconf 88' lang='lat' dir='ltr'>[pallor</span> <span class='ocrx_word' id='word_1_220' title='bbox 267 3096 432 3182; x_wconf 90' lang='lat' dir='ltr'>hiemsque</span> <span class='ocrx_word' id='word_1_221' title='bbox 449 3108 557 3164; x_wconf 86' lang='lat' dir='ltr'>tenent</span> <span class='ocrx_word' id='word_1_222' title='bbox 574 3100 637 3163; x_wconf 89' lang='lat' dir='ltr'>late</span> <span class='ocrx_word' id='word_1_223' title='bbox 655 3100 726 3163; x_wconf 87' lang='lat' dir='ltr'>loca</span> <span class='ocrx_word' id='word_1_224' title='bbox 743 3109 848 3177; x_wconf 85' lang='lat' dir='ltr'>senta3</span> <span class='ocrx_word' id='word_1_225' title='bbox 869 3098 1016 3181; x_wconf 89' lang='lat' dir='ltr'>novique,</span> 
     </span>
     <span class='ocr_line' id='line_1_36' title="bbox 135 3181 1039 3268; baseline 0.002 -21"><span class='ocrx_word' id='word_1_226' title='bbox 135 3203 200 3265; x_wconf 88' lang='lat' dir='ltr'>qua</span> <span class='ocrx_word' id='word_1_227' title='bbox 216 3181 257 3247; x_wconf 90' lang='lat' dir='ltr'>sit</span> <span class='ocrx_word' id='word_1_228' title='bbox 273 3181 342 3259; x_wconf 89' lang='lat' dir='ltr'>iter,</span> <span class='ocrx_word' id='word_1_229' title='bbox 359 3204 482 3258; x_wconf 88' lang='lat' dir='ltr'>manes,</span> <span class='ocrx_word' id='word_1_230' title='bbox 501 3182 648 3268; x_wconf 86' lang='lat' dir='ltr'>Stygiam</span> <span class='ocrx_word' id='word_1_231' title='bbox 665 3203 730 3267; x_wconf 86' lang='lat' dir='ltr'>qua</span> <span class='ocrx_word' id='word_1_232' title='bbox 746 3182 842 3248; x_wconf 89' lang='lat' dir='ltr'>ducat</span> <span class='ocrx_word' id='word_1_233' title='bbox 859 3184 900 3249; x_wconf 92' lang='lat' dir='ltr'>ad</span> <span class='ocrx_word' id='word_1_234' title='bbox 916 3185 1039 3263; x_wconf 84' lang='lat' dir='ltr'>urbem,</span> 
     </span>
     <span class='ocr_line' id='line_1_37' title="bbox 135 3266 846 3354; baseline 0.004 -23"><span class='ocrx_word' id='word_1_235' title='bbox 135 3267 297 3352; x_wconf 86' lang='lat' dir='ltr'>ignorant,</span> <span class='ocrx_word' id='word_1_236' title='bbox 314 3268 371 3332; x_wconf 94' lang='lat' dir='ltr'>ubi</span> <span class='ocrx_word' id='word_1_237' title='bbox 388 3267 429 3332; x_wconf 90' lang='lat' dir='ltr'>sit</span> <span class='ocrx_word' id='word_1_238' title='bbox 445 3267 528 3353; x_wconf 84' lang='lat' dir='ltr'>nigri</span> <span class='ocrx_word' id='word_1_239' title='bbox 544 3268 614 3332; x_wconf 86' lang='lat' dir='ltr'>fera</span> <span class='ocrx_word' id='word_1_240' title='bbox 629 3267 719 3354; x_wconf 82' lang='lat' dir='ltr'>regia</span> <span class='ocrx_word' id='word_1_241' title='bbox 735 3266 846 3354; x_wconf 79' lang='lat' dir='ltr'>Ditis]</span> 
     </span>
     <span class='ocr_line' id='line_1_38' title="bbox 136 3352 934 3440; baseline 0.004 -24"><span class='ocrx_word' id='word_1_242' title='bbox 136 3352 221 3418; x_wconf 91' lang='lat' dir='ltr'>mille</span> <span class='ocrx_word' id='word_1_243' title='bbox 239 3374 276 3417; x_wconf 93' lang='lat' dir='ltr'>ca</span> <span class='ocrx_word' id='word_1_244' title='bbox 300 3376 340 3416; x_wconf 89' lang='lat' dir='ltr'>ax</span> <span class='ocrx_word' id='word_1_245' title='bbox 358 3352 462 3417; x_wconf 90' lang='lat' dir='ltr'>aditus</span> <span class='ocrx_word' id='word_1_246' title='bbox 480 3365 512 3418; x_wconf 91' lang='lat' dir='ltr'>et</span> <span class='ocrx_word' id='word_1_247' title='bbox 528 3364 653 3438; x_wconf 87' lang='lat' dir='ltr'>apertas</span> <span class='ocrx_word' id='word_1_248' title='bbox 670 3354 810 3438; x_wconf 89' lang='lat' dir='ltr'>undique</span> <span class='ocrx_word' id='word_1_249' title='bbox 827 3365 934 3440; x_wconf 90' lang='lat' dir='ltr'>portas</span> 
     </span>
     <span class='ocr_line' id='line_1_39' title="bbox 136 3375 1010 3522; baseline 0.003 -20"><span class='ocrx_word' id='word_1_250' title='bbox 136 3437 212 3503; x_wconf 90' lang='lat' dir='ltr'>urbs</span> <span class='ocrx_word' id='word_1_251' title='bbox 229 3375 335 3503; x_wconf 63' lang='lat' dir='ltr'>habet,</span> <span class='ocrx_word' id='word_1_252' title='bbox 378 3448 476 3522; x_wconf 90' lang='lat' dir='ltr'>utque</span> <span class='ocrx_word' id='word_1_253' title='bbox 493 3438 609 3504; x_wconf 87' lang='lat' dir='ltr'>fretum</span> <span class='ocrx_word' id='word_1_254' title='bbox 628 3439 667 3504; x_wconf 90' lang='lat' dir='ltr'>de</span> <span class='ocrx_word' id='word_1_255' title='bbox 684 3450 752 3504; x_wconf 92' lang='lat' dir='ltr'>tota</span> <span class='ocrx_word' id='word_1_256' title='bbox 767 3440 899 3505; x_wconf 89' lang='lat' dir='ltr'>flumina</span> <span class='ocrx_word' id='word_1_257' title='bbox 916 3450 1010 3517; x_wconf 88' lang='lat' dir='ltr'>terra,</span> 
     </span>
     <span class='ocr_line' id='line_1_40' title="bbox 136 3522 915 3610; baseline 0.003 -23"><span class='ocrx_word' id='word_1_258' title='bbox 136 3524 182 3588; x_wconf 91' lang='lat' dir='ltr'>sio</span> <span class='ocrx_word' id='word_1_259' title='bbox 198 3544 308 3588; x_wconf 89' lang='lat' dir='ltr'>omnes</span> <span class='ocrx_word' id='word_1_260' title='bbox 326 3522 446 3588; x_wconf 87' lang='lat' dir='ltr'>animas</span> <span class='ocrx_word' id='word_1_261' title='bbox 463 3524 550 3589; x_wconf 84' lang='lat' dir='ltr'>loeus</span> <span class='ocrx_word' id='word_1_262' title='bbox 568 3524 683 3610; x_wconf 86' lang='lat' dir='ltr'>accipit</span> <span class='ocrx_word' id='word_1_263' title='bbox 697 3524 765 3601; x_wconf 90' lang='lat' dir='ltr'>ille,</span> <span class='ocrx_word' id='word_1_264' title='bbox 782 3546 842 3591; x_wconf 90' lang='lat' dir='ltr'>nec</span> <span class='ocrx_word' id='word_1_265' title='bbox 858 3524 915 3591; x_wconf 94' lang='lat' dir='ltr'>ulli</span> 
     </span>
     <span class='ocr_line' id='line_1_41' title="bbox 136 3607 942 3694; baseline 0 -20"><span class='ocrx_word' id='word_1_266' title='bbox 136 3608 270 3693; x_wconf 87' lang='lat' dir='ltr'>exiguus</span> <span class='ocrx_word' id='word_1_267' title='bbox 287 3607 407 3694; x_wconf 89' lang='lat' dir='ltr'>populo</span> <span class='ocrx_word' id='word_1_268' title='bbox 424 3618 472 3673; x_wconf 90' lang='lat' dir='ltr'>est</span> <span class='ocrx_word' id='word_1_269' title='bbox 488 3609 654 3675; x_wconf 86' lang='lat' dir='ltr'>turbamve</span> <span class='ocrx_word' id='word_1_270' title='bbox 671 3610 821 3676; x_wconf 88' lang='lat' dir='ltr'>accedere</span> <span class='ocrx_word' id='word_1_271' title='bbox 838 3610 942 3676; x_wconf 89' lang='lat' dir='ltr'>sentit.</span> 
     </span>
     <span class='ocr_line' id='line_1_42' title="bbox 136 3693 1002 3780; baseline 0.002 -21"><span class='ocrx_word' id='word_1_272' title='bbox 136 3705 242 3759; x_wconf 90' lang='lat' dir='ltr'>errant</span> <span class='ocrx_word' id='word_1_273' title='bbox 259 3715 421 3779; x_wconf 86' lang='lat' dir='ltr'>exangues</span> <span class='ocrx_word' id='word_1_274' title='bbox 438 3693 506 3758; x_wconf 88' lang='lat' dir='ltr'>sine</span> <span class='ocrx_word' id='word_1_275' title='bbox 523 3714 653 3780; x_wconf 88' lang='lat' dir='ltr'>corpore</span> <span class='ocrx_word' id='word_1_276' title='bbox 670 3705 704 3760; x_wconf 89' lang='lat' dir='ltr'>et</span> <span class='ocrx_word' id='word_1_277' title='bbox 720 3695 843 3760; x_wconf 88' lang='lat' dir='ltr'>ossibus</span> <span class='ocrx_word' id='word_1_278' title='bbox 859 3696 1002 3773; x_wconf 91' lang='lat' dir='ltr'>umbrae,</span> 
     </span>
     <span class='ocr_line' id='line_1_43' title="bbox 136 3778 1002 3866; baseline 0.003 -23"><span class='ocrx_word' id='word_1_279' title='bbox 136 3799 273 3864; x_wconf 90' lang='lat' dir='ltr'>parsque</span> <span class='ocrx_word' id='word_1_280' title='bbox 290 3779 395 3844; x_wconf 87' lang='lat' dir='ltr'>forum</span> <span class='ocrx_word' id='word_1_281' title='bbox 412 3778 585 3857; x_wconf 89' lang='lat' dir='ltr'>celebrant,</span> <span class='ocrx_word' id='word_1_282' title='bbox 602 3802 676 3865; x_wconf 90' lang='lat' dir='ltr'>pars</span> <span class='ocrx_word' id='word_1_283' title='bbox 692 3778 748 3844; x_wconf 88' lang='lat' dir='ltr'>imi</span> <span class='ocrx_word' id='word_1_284' title='bbox 766 3791 849 3846; x_wconf 86' lang='lat' dir='ltr'>tecta</span> <span class='ocrx_word' id='word_1_285' title='bbox 866 3780 1002 3866; x_wconf 84' lang='lat' dir='ltr'>tyranni,</span> 
     </span>
     <span class='ocr_line' id='line_1_44' title="bbox 136 3862 931 3948; baseline 0.006 -22"><span class='ocrx_word' id='word_1_286' title='bbox 136 3884 211 3947; x_wconf 86' lang='lat' dir='ltr'>pare</span> <span class='ocrx_word' id='word_1_287' title='bbox 227 3863 349 3948; x_wconf 89' lang='lat' dir='ltr'>aliquas</span> <span class='ocrx_word' id='word_1_288' title='bbox 366 3873 465 3939; x_wconf 88' lang='lat' dir='ltr'>artes,</span> <span class='ocrx_word' id='word_1_289' title='bbox 482 3862 630 3946; x_wconf 88' lang='lat' dir='ltr'>antiquae</span> <span class='ocrx_word' id='word_1_290' title='bbox 647 3864 821 3930; x_wconf 90' lang='lat' dir='ltr'>imitamina</span> <span class='ocrx_word' id='word_1_291' title='bbox 837 3865 931 3931; x_wconf 86' lang='lat' dir='ltr'>vitae.</span> 
     </span>
     <span class='ocr_line' id='line_1_45' title="bbox 137 3947 847 4015; baseline 0.006 -4"><span class='ocrx_word' id='word_1_292' title='bbox 137 3947 271 4013; x_wconf 84' lang='lat' dir='ltr'>sustinet</span> <span class='ocrx_word' id='word_1_293' title='bbox 286 3949 332 4015; x_wconf 90' lang='lat' dir='ltr'>ire</span> <span class='ocrx_word' id='word_1_294' title='bbox 348 3948 425 4014; x_wconf 90' lang='lat' dir='ltr'>illuc</span> <span class='ocrx_word' id='word_1_295' title='bbox 442 3949 568 4014; x_wconf 90' lang='lat' dir='ltr'>caelesti</span> <span class='ocrx_word' id='word_1_296' title='bbox 586 3950 660 4014; x_wconf 89' lang='lat' dir='ltr'>sede</span> <span class='ocrx_word' id='word_1_297' title='bbox 677 3950 787 4015; x_wconf 90' lang='lat' dir='ltr'>relicta</span> <span class='ocrx_word' id='word_1_298' title='bbox 802 3986 847 3998; x_wconf 93' lang='lat'>—-</span> 
     </span>
     <span class='ocr_line' id='line_1_46' title="bbox 136 4032 951 4120; baseline 0.006 -22"><span class='ocrx_word' id='word_1_299' title='bbox 136 4042 260 4098; x_wconf 87' lang='lat' dir='ltr'>tantum</span> <span class='ocrx_word' id='word_1_300' title='bbox 278 4033 357 4099; x_wconf 89' lang='lat' dir='ltr'>odiis</span> <span class='ocrx_word' id='word_1_301' title='bbox 374 4034 503 4120; x_wconf 85' lang='lat' dir='ltr'>iraeque</span> <span class='ocrx_word' id='word_1_302' title='bbox 519 4033 618 4101; x_wconf 81' lang='lat' dir='ltr'>dabat</span> <span class='ocrx_word' id='word_1_303' title='bbox 632 4070 676 4082; x_wconf 91' lang='lat'>—</span> <span class='ocrx_word' id='word_1_304' title='bbox 693 4032 843 4102; x_wconf 87' lang='lat' dir='ltr'>Saturnia</span> <span class='ocrx_word' id='word_1_305' title='bbox 853 4036 951 4103; x_wconf 84' lang='lat' dir='ltr'>Iunc.</span> 
     </span>
    </p>

    <p class='ocr_par' dir='ltr' id='par_1_18' title="bbox 188 4131 986 4198">
     <span class='ocr_line' id='line_1_47' title="bbox 188 4131 986 4198; baseline -0.011 -16"><span class='ocrx_word' id='word_1_306' title='bbox 188 4131 304 4182; x_wconf 66' lang='lat' dir='ltr'>water</span> <span class='ocrx_word' id='word_1_307' title='bbox 313 4131 343 4176; x_wconf 83' lang='lat'>11.</span> <span class='ocrx_word' id='word_1_308' title='bbox 966 4136 986 4198; x_wconf 69' lang='lat'><strong>5</strong></span> 
     </span>
    </p>
   </div>
   <div class='ocr_carea' id='block_1_7' title="bbox 0 0 1412 4500">
    <p class='ocr_par' dir='ltr' id='par_1_19' title="bbox 0 0 1412 4500">
     <span class='ocr_line' id='line_1_48' title="bbox 0 0 1412 4500; baseline 0 0"><span class='ocrx_word' id='word_1_309' title='bbox 0 0 1412 4500; x_wconf 95' lang='lat' dir='ltr'> </span> 
     </span>
    </p>
   </div>
  </div>
 </body>
</html>
