<?xml version="1.0" encoding="UTF-8"?>
<!DOCTYPE html PUBLIC "-//W3C//DTD XHTML 1.0 Transitional//EN"
    "http://www.w3.org/TR/xhtml1/DTD/xhtml1-transitional.dtd">
<html xmlns="http://www.w3.org/1999/xhtml" xml:lang="en" lang="en">
 <head>
  <title>
</title>
<meta http-equiv="Content-Type" content="text/html;charset=utf-8" />
  <meta name='ocr-system' content='tesseract 3.04.00' />
  <meta name='ocr-capabilities' content='ocr_page ocr_carea ocr_par ocr_line ocrx_word'/>
</head>
<body>
  <div class='ocr_page' id='page_1' title='image "./povidiinasonisc00unkngoog_0340.png"; bbox 0 0 2800 4500; ppageno 0'>
   <div class='ocr_carea' id='block_1_1' title="bbox 266 320 958 420">
    <p class='ocr_par' dir='ltr' id='par_1_1' title="bbox 266 320 958 420">
     <span class='ocr_line' id='line_1_1' title="bbox 266 320 958 420; baseline 0.01 -7"><span class='ocrx_word' id='word_1_1' title='bbox 266 320 330 413; x_wconf 80' lang='lat'><strong>238</strong></span> <span class='ocrx_word' id='word_1_2' title='bbox 479 336 483 343; x_wconf 77' lang='grc'><em>’</em></span> <span class='ocrx_word' id='word_1_3' title='bbox 599 362 632 416; x_wconf 81' lang='grc' dir='ltr'><strong>Ρ.</strong></span> <span class='ocrx_word' id='word_1_4' title='bbox 652 336 958 420; x_wconf 66' lang='lat' dir='ltr'><strong>orrou‘unsours</strong></span> 
     </span>
    </p>
   </div>
   <div class='ocr_carea' id='block_1_2' title="bbox 196 482 1289 3555">
    <p class='ocr_par' dir='ltr' id='par_1_2' title="bbox 196 482 1289 3555">
     <span class='ocr_line' id='line_1_2' title="bbox 264 482 1288 570; baseline 0.004 -22"><span class='ocrx_word' id='word_1_5' title='bbox 264 482 369 570; x_wconf 89' lang='lat' dir='ltr'><strong>paruit</strong></span> <span class='ocrx_word' id='word_1_6' title='bbox 387 483 515 549; x_wconf 85' lang='lat' dir='ltr'><strong>Aeneas</strong></span> <span class='ocrx_word' id='word_1_7' title='bbox 534 494 565 549; x_wconf 87' lang='lat' dir='ltr'><strong>et</strong></span> <span class='ocrx_word' id='word_1_8' title='bbox 582 483 792 550; x_wconf 87' lang='lat' dir='ltr'><strong>formidabilis</strong></span> <span class='ocrx_word' id='word_1_9' title='bbox 810 483 889 551; x_wconf 90' lang='lat' dir='ltr'><strong>Orci</strong></span> <span class='ocrx_word' id='word_1_10' title='bbox 1171 512 1180 541; x_wconf 66' lang='lat' dir='ltr'><strong>r</strong></span> <span class='ocrx_word' id='word_1_11' title='bbox 1282 482 1288 489; x_wconf 69' lang='grc'><strong>’</strong></span> 
     </span>
     <span class='ocr_line' id='line_1_3' title="bbox 221 569 1097 657; baseline 0.005 -24"><span class='ocrx_word' id='word_1_12' title='bbox 221 651 224 657; x_wconf 12' lang='grc' dir='ltr'><strong><em>ν</em></strong></span> <span class='ocrx_word' id='word_1_13' title='bbox 264 569 344 634; x_wconf 90' lang='lat' dir='ltr'><strong>vidit</strong></span> <span class='ocrx_word' id='word_1_14' title='bbox 361 591 438 655; x_wconf 91' lang='lat' dir='ltr'><strong>opes</strong></span> <span class='ocrx_word' id='word_1_15' title='bbox 456 573 628 652; x_wconf 77' lang='lat' dir='ltr'>atavosque</span> <span class='ocrx_word' id='word_1_16' title='bbox 645 592 721 634; x_wconf 89' lang='lat' dir='ltr'><strong>suos</strong></span> <span class='ocrx_word' id='word_1_17' title='bbox 738 570 947 654; x_wconf 83' lang='lat' dir='ltr'><strong>umbramque</strong></span> <span class='ocrx_word' id='word_1_18' title='bbox 966 571 1097 638; x_wconf 86' lang='lat' dir='ltr'><strong>senilem</strong></span> 
     </span>
     <span class='ocr_line' id='line_1_4' title="bbox 263 653 1197 740; baseline 0.009 -22"><span class='ocrx_word' id='word_1_19' title='bbox 263 653 457 740; x_wconf 83' lang='lat' dir='ltr'><strong>magnanimi</strong></span> <span class='ocrx_word' id='word_1_20' title='bbox 474 653 645 720; x_wconf 85' lang='lat' dir='ltr'><strong>Anchisae.</strong></span> <span class='ocrx_word' id='word_1_21' title='bbox 690 655 799 720; x_wconf 80' lang='lat' dir='ltr'><strong>didicit</strong></span> <span class='ocrx_word' id='word_1_22' title='bbox 816 678 942 740; x_wconf 91' lang='lat' dir='ltr'><strong>quoque</strong></span> <span class='ocrx_word' id='word_1_23' title='bbox 959 657 1029 721; x_wconf 89' lang='lat' dir='ltr'><strong>iura</strong></span> <span class='ocrx_word' id='word_1_24' title='bbox 1046 658 1197 738; x_wconf 89' lang='lat' dir='ltr'><strong>locorum,</strong></span> 
     </span>
     <span class='ocr_line' id='line_1_5' title="bbox 263 740 1079 827; baseline 0.006 -23"><span class='ocrx_word' id='word_1_25' title='bbox 263 762 409 825; x_wconf 87' lang='lat' dir='ltr'><strong>quaeque</strong></span> <span class='ocrx_word' id='word_1_26' title='bbox 425 740 517 805; x_wconf 89' lang='lat' dir='ltr'><strong>novis</strong></span> <span class='ocrx_word' id='word_1_27' title='bbox 534 750 639 811; x_wconf 78' lang='lat' dir='ltr'><strong>essent</strong></span> <span class='ocrx_word' id='word_1_28' title='bbox 656 741 804 806; x_wconf 84' lang='lat' dir='ltr'><strong>adeunda</strong></span> <span class='ocrx_word' id='word_1_29' title='bbox 820 743 961 827; x_wconf 86' lang='lat' dir='ltr'><strong>pericula</strong></span> <span class='ocrx_word' id='word_1_30' title='bbox 978 742 1079 809; x_wconf 86' lang='lat' dir='ltr'><strong>bellis.</strong></span> 
     </span>
     <span class='ocr_line' id='line_1_6' title="bbox 196 824 1108 905; baseline -0.003 -9"><span class='ocrx_word' id='word_1_31' title='bbox 196 846 246 896; x_wconf 81' lang='lat'><strong>120</strong></span> <span class='ocrx_word' id='word_1_32' title='bbox 263 825 337 890; x_wconf 90' lang='lat' dir='ltr'><strong>inde</strong></span> <span class='ocrx_word' id='word_1_33' title='bbox 354 826 460 890; x_wconf 86' lang='lat' dir='ltr'><strong>ferens</strong></span> <span class='ocrx_word' id='word_1_34' title='bbox 477 824 577 890; x_wconf 87' lang='lat' dir='ltr'><strong>lassos</strong></span> <span class='ocrx_word' id='word_1_35' title='bbox 595 826 729 891; x_wconf 89' lang='lat' dir='ltr'><strong>adverso</strong></span> <span class='ocrx_word' id='word_1_36' title='bbox 747 828 870 893; x_wconf 76' lang='lat' dir='ltr'><strong>tramite</strong></span> <span class='ocrx_word' id='word_1_37' title='bbox 911 851 1011 905; x_wconf 87' lang='lat' dir='ltr'><strong>assus,</strong></span> <span class='ocrx_word' id='word_1_38' title='bbox 1105 824 1108 828; x_wconf 45' lang='grc'>“</span> 
     </span>
     <span class='ocr_line' id='line_1_7' title="bbox 262 850 1103 979; baseline 0.004 -3"><span class='ocrx_word' id='word_1_39' title='bbox 262 932 337 976; x_wconf 90' lang='lat' dir='ltr'><strong>cum</strong></span> <span class='ocrx_word' id='word_1_40' title='bbox 355 911 436 976; x_wconf 92' lang='lat' dir='ltr'><strong>duce</strong></span> <span class='ocrx_word' id='word_1_41' title='bbox 455 907 599 976; x_wconf 79' lang='lat' dir='ltr'><strong>Cumaea</strong></span> <span class='ocrx_word' id='word_1_42' title='bbox 615 911 717 976; x_wconf 91' lang='lat' dir='ltr'><strong>mollit</strong></span> <span class='ocrx_word' id='word_1_43' title='bbox 733 935 877 978; x_wconf 86' lang='lat' dir='ltr'><strong>sermone</strong></span> <span class='ocrx_word' id='word_1_44' title='bbox 887 850 1049 979; x_wconf 77' lang='lat' dir='ltr'><strong>laborem:</strong></span> <span class='ocrx_word' id='word_1_45' title='bbox 1100 941 1103 945; x_wconf 63' lang='grc'><em>’</em></span> 
     </span>
     <span class='ocr_line' id='line_1_8' title="bbox 263 996 1210 1088; baseline 0.006 -28"><span class='ocrx_word' id='word_1_46' title='bbox 263 996 403 1079; x_wconf 90' lang='lat' dir='ltr'><strong>dumque</strong></span> <span class='ocrx_word' id='word_1_47' title='bbox 420 997 481 1061; x_wconf 85' lang='lat' dir='ltr'><strong>iter</strong></span> <span class='ocrx_word' id='word_1_48' title='bbox 496 996 688 1062; x_wconf 87' lang='lat' dir='ltr'><strong>horrendum</strong></span> <span class='ocrx_word' id='word_1_49' title='bbox 706 1020 764 1083; x_wconf 92' lang='lat' dir='ltr'><strong>per</strong></span> <span class='ocrx_word' id='word_1_50' title='bbox 781 1020 881 1084; x_wconf 81' lang='lat' dir='ltr'><strong>opaca</strong></span> <span class='ocrx_word' id='word_1_51' title='bbox 898 1000 1083 1085; x_wconf 87' lang='lat' dir='ltr'><strong>crepuscula</strong></span> <span class='ocrx_word' id='word_1_52' title='bbox 1100 998 1210 1088; x_wconf 86' lang='lat' dir='ltr'><strong>carpit,</strong></span> 
     </span>
     <span class='ocr_line' id='line_1_9' title="bbox 264 1081 1100 1167; baseline 0.004 -21"><span class='ocrx_word' id='word_1_53' title='bbox 264 1088 335 1146; x_wconf 91' lang='lat' dir='ltr'><strong>‘seu</strong></span> <span class='ocrx_word' id='word_1_54' title='bbox 352 1081 412 1146; x_wconf 88' lang='lat' dir='ltr'><strong>dea</strong></span> <span class='ocrx_word' id='word_1_55' title='bbox 429 1092 464 1147; x_wconf 90' lang='lat' dir='ltr'><strong>tu</strong></span> <span class='ocrx_word' id='word_1_56' title='bbox 481 1104 646 1166; x_wconf 88' lang='lat' dir='ltr'><strong>praesens,</strong></span> <span class='ocrx_word' id='word_1_57' title='bbox 664 1104 721 1148; x_wconf 90' lang='lat' dir='ltr'><strong>seu</strong></span> <span class='ocrx_word' id='word_1_58' title='bbox 739 1082 787 1147; x_wconf 90' lang='lat' dir='ltr'><strong>dis</strong></span> <span class='ocrx_word' id='word_1_59' title='bbox 804 1084 1003 1167; x_wconf 84' lang='lat' dir='ltr'><strong>gratissima,&#39;</strong></span> <span class='ocrx_word' id='word_1_60' title='bbox 1021 1085 1100 1149; x_wconf 81' lang='lat' dir='ltr'><strong>dixit</strong></span> 
     </span>
     <span class='ocr_line' id='line_1_10' title="bbox 263 1165 1134 1255; baseline 0.005 -24"><span class='ocrx_word' id='word_1_61' title='bbox 263 1167 415 1255; x_wconf 89' lang='lat' dir='ltr'><strong>‘numinis</strong></span> <span class='ocrx_word' id='word_1_62' title='bbox 432 1167 531 1231; x_wconf 88' lang='lat' dir='ltr'><strong>instar</strong></span> <span class='ocrx_word' id='word_1_63' title='bbox 549 1165 609 1231; x_wconf 90' lang='lat' dir='ltr'><strong>eris</strong></span> <span class='ocrx_word' id='word_1_64' title='bbox 627 1190 752 1253; x_wconf 85' lang='lat' dir='ltr'><strong>semper</strong></span> <span class='ocrx_word' id='word_1_65' title='bbox 769 1169 861 1246; x_wconf 85' lang='lat' dir='ltr'><strong>mihi3</strong></span> <span class='ocrx_word' id='word_1_66' title='bbox 878 1191 992 1253; x_wconf 90' lang='lat' dir='ltr'><strong>meque</strong></span> <span class='ocrx_word' id='word_1_67' title='bbox 1009 1169 1134 1236; x_wconf 85' lang='lat' dir='ltr'><strong>fatebor</strong></span> 
     </span>
     <span class='ocr_line' id='line_1_11' title="bbox 196 1253 1063 1335; baseline 0.001 -15"><span class='ocrx_word' id='word_1_68' title='bbox 196 1273 245 1321; x_wconf 79' lang='lat'><strong>125</strong></span> <span class='ocrx_word' id='word_1_69' title='bbox 264 1253 402 1318; x_wconf 90' lang='lat' dir='ltr'><strong>muneris</strong></span> <span class='ocrx_word' id='word_1_70' title='bbox 420 1276 488 1317; x_wconf 86' lang='lat' dir='ltr'><strong>esse</strong></span> <span class='ocrx_word' id='word_1_71' title='bbox 506 1253 566 1328; x_wconf 88' lang='lat' dir='ltr'><strong>tui,</strong></span> <span class='ocrx_word' id='word_1_72' title='bbox 585 1273 667 1335; x_wconf 92' lang='lat' dir='ltr'><strong>quae</strong></span> <span class='ocrx_word' id='word_1_73' title='bbox 684 1276 735 1318; x_wconf 90' lang='lat' dir='ltr'><strong>me</strong></span> <span class='ocrx_word' id='word_1_74' title='bbox 753 1254 823 1319; x_wconf 90' lang='lat' dir='ltr'><strong>loca</strong></span> <span class='ocrx_word' id='word_1_75' title='bbox 840 1255 948 1319; x_wconf 88' lang='lat' dir='ltr'><strong>mortis</strong></span> <span class='ocrx_word' id='word_1_76' title='bbox 966 1255 1063 1333; x_wconf 89' lang='lat' dir='ltr'><strong>adire,</strong></span> 
     </span>
     <span class='ocr_line' id='line_1_12' title="bbox 263 1337 1040 1421; baseline 0.005 -19"><span class='ocrx_word' id='word_1_77' title='bbox 263 1361 346 1421; x_wconf 88' lang='lat' dir='ltr'><strong>quae</strong></span> <span class='ocrx_word' id='word_1_78' title='bbox 363 1337 434 1402; x_wconf 87' lang='lat' dir='ltr'><strong>loco</strong></span> <span class='ocrx_word' id='word_1_79' title='bbox 451 1359 503 1403; x_wconf 89' lang='lat' dir='ltr'><strong>me</strong></span> <span class='ocrx_word' id='word_1_80' title='bbox 520 1337 608 1402; x_wconf 86' lang='lat' dir='ltr'><strong>visae</strong></span> <span class='ocrx_word' id='word_1_81' title='bbox 625 1338 753 1403; x_wconf 87' lang='lat' dir='ltr'><strong>voluisti</strong></span> <span class='ocrx_word' id='word_1_82' title='bbox 770 1340 904 1406; x_wconf 84' lang='lat' dir='ltr'><strong>evadere</strong></span> <span class='ocrx_word' id='word_1_83' title='bbox 921 1341 1040 1406; x_wconf 87' lang='lat' dir='ltr'><strong>mortis.</strong></span> 
     </span>
     <span class='ocr_line' id='line_1_13' title="bbox 262 1423 1023 1508; baseline 0.007 -22"><span class='ocrx_word' id='word_1_84' title='bbox 262 1444 320 1508; x_wconf 92' lang='lat' dir='ltr'><strong>pro</strong></span> <span class='ocrx_word' id='word_1_85' title='bbox 337 1423 453 1506; x_wconf 93' lang='lat' dir='ltr'><strong>quibus</strong></span> <span class='ocrx_word' id='word_1_86' title='bbox 471 1423 571 1487; x_wconf 75' lang='lat' dir='ltr'><strong>ae’rias</strong></span> <span class='ocrx_word' id='word_1_87' title='bbox 589 1423 708 1489; x_wconf 88' lang='lat' dir='ltr'><strong>meritis</strong></span> <span class='ocrx_word' id='word_1_88' title='bbox 725 1437 853 1490; x_wconf 88' lang='lat' dir='ltr'><strong>evectus</strong></span> <span class='ocrx_word' id='word_1_89' title='bbox 871 1426 912 1489; x_wconf 89' lang='lat' dir='ltr'><strong>ad</strong></span> <span class='ocrx_word' id='word_1_90' title='bbox 930 1449 1023 1491; x_wconf 87' lang='lat' dir='ltr'><strong>auras</strong></span> 
     </span>
     <span class='ocr_line' id='line_1_14' title="bbox 263 1508 1122 1593; baseline 0.005 -19"><span class='ocrx_word' id='word_1_91' title='bbox 263 1508 381 1593; x_wconf 90' lang='lat' dir='ltr'><strong>templa</strong></span> <span class='ocrx_word' id='word_1_92' title='bbox 397 1508 456 1572; x_wconf 91' lang='lat' dir='ltr'><strong>tibi</strong></span> <span class='ocrx_word' id='word_1_93' title='bbox 473 1520 624 1585; x_wconf 88' lang='lat' dir='ltr'><strong>statuam,</strong></span> <span class='ocrx_word' id='word_1_94' title='bbox 642 1508 780 1573; x_wconf 88' lang='lat' dir='ltr'><strong>tribuam</strong></span> <span class='ocrx_word' id='word_1_95' title='bbox 797 1510 855 1575; x_wconf 88' lang='lat' dir='ltr'><strong>tibi</strong></span> <span class='ocrx_word' id='word_1_96' title='bbox 872 1511 949 1575; x_wconf 90' lang='lat' dir='ltr'><strong>turis</strong></span> <span class='ocrx_word' id='word_1_97' title='bbox 966 1511 1122 1578; x_wconf 89' lang='lat' dir='ltr'><strong>honores.&#39;</strong></span> 
     </span>
     <span class='ocr_line' id='line_1_15' title="bbox 262 1593 1009 1680; baseline 0.005 -23"><span class='ocrx_word' id='word_1_98' title='bbox 262 1594 390 1679; x_wconf 81' lang='lat' dir='ltr'><strong>respicit</strong></span> <span class='ocrx_word' id='word_1_99' title='bbox 406 1593 491 1659; x_wconf 91' lang='lat' dir='ltr'><strong>huno</strong></span> <span class='ocrx_word' id='word_1_100' title='bbox 508 1605 597 1658; x_wconf 87' lang='lat' dir='ltr'><strong>vates</strong></span> <span class='ocrx_word' id='word_1_101' title='bbox 614 1604 647 1658; x_wconf 87' lang='lat' dir='ltr'><strong>et</strong></span> <span class='ocrx_word' id='word_1_102' title='bbox 663 1595 871 1680; x_wconf 89' lang='lat' dir='ltr'><strong>suspiratibus</strong></span> <span class='ocrx_word' id='word_1_103' title='bbox 889 1595 1009 1662; x_wconf 88' lang='lat' dir='ltr'><strong>haustis</strong></span> 
     </span>
     <span class='ocr_line' id='line_1_16' title="bbox 196 1677 1040 1764; baseline 0 -16"><span class='ocrx_word' id='word_1_104' title='bbox 196 1700 245 1748; x_wconf 74' lang='lat'><strong>130</strong></span> <span class='ocrx_word' id='word_1_105' title='bbox 263 1686 337 1744; x_wconf 89' lang='lat' dir='ltr'><strong>‘nec</strong></span> <span class='ocrx_word' id='word_1_106' title='bbox 354 1679 414 1743; x_wconf 90' lang='lat' dir='ltr'><strong>dea</strong></span> <span class='ocrx_word' id='word_1_107' title='bbox 430 1678 521 1754; x_wconf 90' lang='lat' dir='ltr'><strong>sum,&#39;</strong></span> <span class='ocrx_word' id='word_1_108' title='bbox 540 1677 620 1743; x_wconf 87' lang='lat' dir='ltr'><strong>dixit</strong></span> <span class='ocrx_word' id='word_1_109' title='bbox 636 1684 710 1745; x_wconf 88' lang='lat' dir='ltr'><strong>‘nec</strong></span> <span class='ocrx_word' id='word_1_110' title='bbox 727 1679 808 1746; x_wconf 90' lang='lat' dir='ltr'><strong>sacri</strong></span> <span class='ocrx_word' id='word_1_111' title='bbox 825 1681 904 1746; x_wconf 88' lang='lat' dir='ltr'><strong>turis</strong></span> <span class='ocrx_word' id='word_1_112' title='bbox 920 1682 1040 1764; x_wconf 82' lang='lat' dir='ltr'><strong>honore</strong></span> 
     </span>
     <span class='ocr_line' id='line_1_17' title="bbox 262 1763 1118 1850; baseline 0.006 -22"><span class='ocrx_word' id='word_1_113' title='bbox 262 1763 436 1828; x_wconf 87' lang='lat' dir='ltr'><strong>homanum</strong></span> <span class='ocrx_word' id='word_1_114' title='bbox 455 1764 586 1850; x_wconf 86' lang='lat' dir='ltr'><strong>dignare</strong></span> <span class='ocrx_word' id='word_1_115' title='bbox 604 1776 710 1850; x_wconf 84' lang='lat' dir='ltr'><strong>caput.</strong></span> <span class='ocrx_word' id='word_1_116' title='bbox 754 1788 816 1831; x_wconf 91' lang='lat' dir='ltr'><strong>neu</strong></span> <span class='ocrx_word' id='word_1_117' title='bbox 833 1767 959 1832; x_wconf 89' lang='lat' dir='ltr'><strong>nescius</strong></span> <span class='ocrx_word' id='word_1_118' title='bbox 977 1791 1076 1833; x_wconf 83' lang='lat' dir='ltr'><strong>erres:</strong></span> <span class='ocrx_word' id='word_1_119' title='bbox 1115 1792 1118 1797; x_wconf 68' lang='grc'><em>’</em></span> 
     </span>
     <span class='ocr_line' id='line_1_18' title="bbox 262 1849 1017 1936; baseline 0.003 -21"><span class='ocrx_word' id='word_1_120' title='bbox 262 1850 319 1915; x_wconf 87' lang='lat' dir='ltr'><strong>lux</strong></span> <span class='ocrx_word' id='word_1_121' title='bbox 336 1860 463 1914; x_wconf 84' lang='lat' dir='ltr'><strong>aeterna</strong></span> <span class='ocrx_word' id='word_1_122' title='bbox 479 1849 557 1914; x_wconf 89' lang='lat' dir='ltr'><strong>mihi</strong></span> <span class='ocrx_word' id='word_1_123' title='bbox 575 1850 775 1936; x_wconf 85' lang='lat' dir='ltr'><strong>carituraque</strong></span> <span class='ocrx_word' id='word_1_124' title='bbox 792 1851 855 1918; x_wconf 85' lang='lat' dir='ltr'><strong>line</strong></span> <span class='ocrx_word' id='word_1_125' title='bbox 872 1851 1017 1930; x_wconf 88' lang='lat' dir='ltr'><strong>dabatur,</strong></span> 
     </span>
     <span class='ocr_line' id='line_1_19' title="bbox 262 1934 1024 2020; baseline 0.005 -21"><span class='ocrx_word' id='word_1_126' title='bbox 262 1935 289 1999; x_wconf 88' lang='lat' dir='ltr'><strong>si</strong></span> <span class='ocrx_word' id='word_1_127' title='bbox 306 1957 378 2000; x_wconf 85' lang='lat' dir='ltr'><strong>mea</strong></span> <span class='ocrx_word' id='word_1_128' title='bbox 395 1935 558 2020; x_wconf 86' lang='lat' dir='ltr'><strong>virginitas</strong></span> <span class='ocrx_word' id='word_1_129' title='bbox 575 1934 709 2001; x_wconf 91' lang='lat' dir='ltr'><strong>Phoebo</strong></span> <span class='ocrx_word' id='word_1_130' title='bbox 749 1937 880 2003; x_wconf 88' lang='lat' dir='ltr'><strong>atuisset</strong></span> <span class='ocrx_word' id='word_1_131' title='bbox 897 1939 1024 2004; x_wconf 87' lang='lat' dir='ltr'><strong>amanti.</strong></span> 
     </span>
     <span class='ocr_line' id='line_1_20' title="bbox 263 1960 1200 2110; baseline 0.007 -26"><span class='ocrx_word' id='word_1_132' title='bbox 263 2020 340 2084; x_wconf 93' lang='lat' dir='ltr'><strong>dum</strong></span> <span class='ocrx_word' id='word_1_133' title='bbox 358 2032 463 2087; x_wconf 88' lang='lat' dir='ltr'><strong>tamen</strong></span> <span class='ocrx_word' id='word_1_134' title='bbox 480 2020 563 2085; x_wconf 89' lang='lat' dir='ltr'><strong>bano</strong></span> <span class='ocrx_word' id='word_1_135' title='bbox 579 2033 700 2106; x_wconf 85' lang='lat' dir='ltr'><strong>sperat,</strong></span> <span class='ocrx_word' id='word_1_136' title='bbox 719 1960 795 2088; x_wconf 78' lang='lat' dir='ltr'><strong>dum</strong></span> <span class='ocrx_word' id='word_1_137' title='bbox 813 2045 1091 2110; x_wconf 85' lang='lat' dir='ltr'><strong>praecorrumpere</strong></span> <span class='ocrx_word' id='word_1_138' title='bbox 1109 2025 1200 2092; x_wconf 87' lang='lat' dir='ltr'><strong>donis</strong></span> 
     </span>
     <span class='ocr_line' id='line_1_21' title="bbox 196 2106 1148 2195; baseline 0.001 -21"><span class='ocrx_word' id='word_1_139' title='bbox 196 2122 244 2174; x_wconf 82' lang='grc'><strong>155</strong></span> <span class='ocrx_word' id='word_1_140' title='bbox 262 2129 314 2170; x_wconf 93' lang='lat' dir='ltr'><strong>me</strong></span> <span class='ocrx_word' id='word_1_141' title='bbox 332 2106 435 2191; x_wconf 90' lang='lat' dir='ltr'><strong>cupit,</strong></span> <span class='ocrx_word' id='word_1_142' title='bbox 453 2107 570 2192; x_wconf 72' lang='lat' dir='ltr'><strong>‘elige&#39;</strong></span> <span class='ocrx_word' id='word_1_143' title='bbox 588 2108 633 2171; x_wconf 89' lang='lat' dir='ltr'><strong>ait</strong></span> <span class='ocrx_word' id='word_1_144' title='bbox 649 2108 755 2193; x_wconf 80' lang='lat' dir='ltr'><strong>‘virgo</strong></span> <span class='ocrx_word' id='word_1_145' title='bbox 773 2106 931 2185; x_wconf 84' lang='lat' dir='ltr'><strong>Cumaea,</strong></span> <span class='ocrx_word' id='word_1_146' title='bbox 949 2109 1027 2193; x_wconf 91' lang='lat' dir='ltr'><strong>quid</strong></span> <span class='ocrx_word' id='word_1_147' title='bbox 1044 2121 1148 2195; x_wconf 86' lang='lat' dir='ltr'><strong>optes:</strong></span> 
     </span>
     <span class='ocr_line' id='line_1_22' title="bbox 263 2191 999 2279; baseline 0.003 -22"><span class='ocrx_word' id='word_1_148' title='bbox 263 2192 378 2279; x_wconf 86' lang='lat' dir='ltr'><strong>optatis</strong></span> <span class='ocrx_word' id='word_1_149' title='bbox 396 2191 515 2277; x_wconf 86' lang='lat' dir='ltr'><strong>potiere</strong></span> <span class='ocrx_word' id='word_1_150' title='bbox 532 2191 616 2258; x_wconf 82' lang='lat' dir='ltr'><strong>tuis&#39;</strong></span> <span class='ocrx_word' id='word_1_151' title='bbox 660 2215 721 2279; x_wconf 88' lang='lat' dir='ltr'><strong>ego</strong></span> <span class='ocrx_word' id='word_1_152' title='bbox 738 2194 879 2279; x_wconf 88' lang='lat' dir='ltr'><strong>pulveris</strong></span> <span class='ocrx_word' id='word_1_153' title='bbox 897 2193 999 2260; x_wconf 90' lang='lat' dir='ltr'><strong>hausti</strong></span> 
     </span>
     <span class='ocr_line' id='line_1_23' title="bbox 262 2275 1105 2361; baseline -0.001 -22"><span class='ocrx_word' id='word_1_154' title='bbox 262 2276 385 2342; x_wconf 89' lang='lat' dir='ltr'><strong>ostendi</strong></span> <span class='ocrx_word' id='word_1_155' title='bbox 402 2279 578 2343; x_wconf 86' lang='lat' dir='ltr'><strong>cumulum:</strong></span> <span class='ocrx_word' id='word_1_156' title='bbox 597 2290 675 2361; x_wconf 87' lang='lat' dir='ltr'><strong>quot</strong></span> <span class='ocrx_word' id='word_1_157' title='bbox 692 2280 822 2341; x_wconf 88' lang='lat' dir='ltr'><strong>haberet</strong></span> <span class='ocrx_word' id='word_1_158' title='bbox 841 2299 973 2360; x_wconf 84' lang='lat' dir='ltr'><strong>corpora</strong></span> <span class='ocrx_word' id='word_1_159' title='bbox 990 2275 1105 2361; x_wconf 86' lang='lat' dir='ltr'><strong>pulvis,</strong></span> 
     </span>
     <span class='ocr_line' id='line_1_24' title="bbox 261 2358 983 2443; baseline -0.008 -15"><span class='ocrx_word' id='word_1_160' title='bbox 261 2373 309 2428; x_wconf 89' lang='lat' dir='ltr'><strong>tot</strong></span> <span class='ocrx_word' id='word_1_161' title='bbox 325 2360 403 2426; x_wconf 93' lang='lat' dir='ltr'><strong>mihi</strong></span> <span class='ocrx_word' id='word_1_162' title='bbox 419 2360 539 2425; x_wconf 89' lang='lat' dir='ltr'><strong>natales</strong></span> <span class='ocrx_word' id='word_1_163' title='bbox 557 2358 740 2443; x_wconf 82' lang='lat' dir='ltr'><strong>contingere</strong></span> <span class='ocrx_word' id='word_1_164' title='bbox 758 2381 841 2423; x_wconf 88' lang='lat' dir='ltr'><strong>vana</strong></span> <span class='ocrx_word' id='word_1_165' title='bbox 856 2358 983 2443; x_wconf 83' lang='lat' dir='ltr'><strong>rogavi:</strong></span> 
     </span>
     <span class='ocr_line' id='line_1_25' title="bbox 263 2442 1169 2531; baseline -0.007 -18"><span class='ocrx_word' id='word_1_166' title='bbox 263 2447 380 2514; x_wconf 86' lang='lat' dir='ltr'><strong>excidit</strong></span> <span class='ocrx_word' id='word_1_167' title='bbox 396 2456 432 2510; x_wconf 90' lang='lat' dir='ltr'><strong>ut</strong></span> <span class='ocrx_word' id='word_1_168' title='bbox 449 2456 590 2531; x_wconf 90' lang='lat' dir='ltr'><strong>peterem</strong></span> <span class='ocrx_word' id='word_1_169' title='bbox 607 2444 738 2508; x_wconf 88' lang='lat' dir='ltr'><strong>iuvenes</strong></span> <span class='ocrx_word' id='word_1_170' title='bbox 755 2464 882 2527; x_wconf 93' lang='lat' dir='ltr'><strong>quoque</strong></span> <span class='ocrx_word' id='word_1_171' title='bbox 900 2442 1042 2528; x_wconf 88' lang='lat' dir='ltr'><strong>protinus</strong></span> <span class='ocrx_word' id='word_1_172' title='bbox 1060 2463 1169 2507; x_wconf 84' lang='lat' dir='ltr'><strong>annos.</strong></span> 
     </span>
     <span class='ocr_line' id='line_1_26' title="bbox 196 2528 1155 2610; baseline -0.013 -9"><span class='ocrx_word' id='word_1_173' title='bbox 196 2553 246 2602; x_wconf 83' lang='lat'><strong>140</strong></span> <span class='ocrx_word' id='word_1_174' title='bbox 263 2532 321 2597; x_wconf 93' lang='lat' dir='ltr'><strong>hos</strong></span> <span class='ocrx_word' id='word_1_175' title='bbox 340 2543 445 2596; x_wconf 89' lang='lat' dir='ltr'><strong>tamen</strong></span> <span class='ocrx_word' id='word_1_176' title='bbox 463 2531 516 2595; x_wconf 93' lang='lat' dir='ltr'><strong>ille</strong></span> <span class='ocrx_word' id='word_1_177' title='bbox 534 2529 611 2593; x_wconf 89' lang='lat' dir='ltr'><strong>mihi</strong></span> <span class='ocrx_word' id='word_1_178' title='bbox 629 2528 726 2593; x_wconf 82' lang='lat' dir='ltr'><strong>dabat</strong></span> <span class='ocrx_word' id='word_1_179' title='bbox 743 2541 966 2610; x_wconf 88' lang='lat' dir='ltr'><strong>aeternamque</strong></span> <span class='ocrx_word' id='word_1_180' title='bbox 983 2528 1155 2604; x_wconf 84' lang='lat' dir='ltr'><strong>iuventam,</strong></span> 
     </span>
     <span class='ocr_line' id='line_1_27' title="bbox 262 2611 1131 2762; baseline -0.009 -79"><span class='ocrx_word' id='word_1_181' title='bbox 262 2619 289 2683; x_wconf 91' lang='lat' dir='ltr'><strong>si</strong></span> <span class='ocrx_word' id='word_1_182' title='bbox 306 2619 466 2683; x_wconf 91' lang='lat' dir='ltr'><strong>Venerem</strong></span> <span class='ocrx_word' id='word_1_183' title='bbox 483 2624 617 2700; x_wconf 88' lang='lat' dir='ltr'><strong>paterer.</strong></span> <span class='ocrx_word' id='word_1_184' title='bbox 661 2624 842 2762; x_wconf 74' lang='lat' dir='ltr'><strong>contempto</strong></span> <span class='ocrx_word' id='word_1_185' title='bbox 859 2635 989 2676; x_wconf 90' lang='lat' dir='ltr'><strong>munere</strong></span> <span class='ocrx_word' id='word_1_186' title='bbox 1006 2611 1131 2676; x_wconf 89' lang='lat' dir='ltr'><strong>Phoebi</strong></span> 
     </span>
     <span class='ocr_line' id='line_1_28' title="bbox 262 2697 1059 2786; baseline -0.009 -19"><span class='ocrx_word' id='word_1_187' title='bbox 262 2703 383 2767; x_wconf 91' lang='lat' dir='ltr'><strong>innuba</strong></span> <span class='ocrx_word' id='word_1_188' title='bbox 401 2720 579 2786; x_wconf 88' lang='lat' dir='ltr'><strong>permaneo.</strong></span> <span class='ocrx_word' id='word_1_189' title='bbox 623 2699 680 2764; x_wconf 89' lang='lat' dir='ltr'><strong>sed</strong></span> <span class='ocrx_word' id='word_1_190' title='bbox 697 2697 762 2762; x_wconf 86' lang='lat' dir='ltr'><strong>iarn</strong></span> <span class='ocrx_word' id='word_1_191' title='bbox 794 2698 900 2772; x_wconf 89' lang='lat' dir='ltr'><strong>elicior</strong></span> <span class='ocrx_word' id='word_1_192' title='bbox 917 2710 1004 2762; x_wconf 85' lang='lat' dir='ltr'><strong>aetas</strong></span> <span class='ocrx_word' id='word_1_193' title='bbox 1056 2713 1059 2720; x_wconf 82' lang='lat'>·</span> 
     </span>
     <span class='ocr_line' id='line_1_29' title="bbox 264 2783 1283 2873; baseline -0.007 -19"><span class='ocrx_word' id='word_1_194' title='bbox 264 2800 355 2873; x_wconf 84' lang='lat' dir='ltr'><strong>terga</strong></span> <span class='ocrx_word' id='word_1_195' title='bbox 372 2786 473 2862; x_wconf 88' lang='lat' dir='ltr'><strong>dedit,</strong></span> <span class='ocrx_word' id='word_1_196' title='bbox 491 2785 688 2867; x_wconf 87' lang='lat' dir='ltr'><strong>tremuloque</strong></span> <span class='ocrx_word' id='word_1_197' title='bbox 706 2785 809 2869; x_wconf 83' lang='lat' dir='ltr'><strong>gradu</strong></span> <span class='ocrx_word' id='word_1_198' title='bbox 825 2783 912 2848; x_wconf 82' lang='lat' dir='ltr'><strong>venit</strong></span> <span class='ocrx_word' id='word_1_199' title='bbox 929 2806 1026 2868; x_wconf 85' lang='lat' dir='ltr'><strong>aegra</strong></span> <span class='ocrx_word' id='word_1_200' title='bbox 1043 2793 1200 2860; x_wconf 89' lang='lat' dir='ltr'><strong>senectus,</strong></span> <span class='ocrx_word' id='word_1_201' title='bbox 1279 2814 1283 2820; x_wconf 92' lang='grc'>·</span> 
     </span>
     <span class='ocr_line' id='line_1_30' title="bbox 201 2868 1289 2958; baseline -0.011 -20"><span class='ocrx_word' id='word_1_202' title='bbox 201 2882 202 2885; x_wconf 74' lang='grc'>’</span> <span class='ocrx_word' id='word_1_203' title='bbox 263 2896 345 2957; x_wconf 89' lang='lat' dir='ltr'><strong>quae</strong></span> <span class='ocrx_word' id='word_1_204' title='bbox 362 2871 512 2958; x_wconf 86' lang='lat' dir='ltr'><strong>patienda</strong></span> <span class='ocrx_word' id='word_1_205' title='bbox 529 2870 582 2934; x_wconf 88' lang='lat' dir='ltr'><strong>diu</strong></span> <span class='ocrx_word' id='word_1_206' title='bbox 601 2882 658 2935; x_wconf 87' lang='lat' dir='ltr'><strong>est.</strong></span> <span class='ocrx_word' id='word_1_207' title='bbox 701 2868 857 2933; x_wconf 82' lang='lat' dir='ltr'><strong>numiam</strong></span> <span class='ocrx_word' id='word_1_208' title='bbox 875 2868 952 2933; x_wconf 88' lang='lat' dir='ltr'><strong>milri</strong></span> <span class='ocrx_word' id='word_1_209' title='bbox 970 2868 1096 2933; x_wconf 85' lang='lat' dir='ltr'><strong>saecula</strong></span> <span class='ocrx_word' id='word_1_210' title='bbox 1113 2881 1234 2954; x_wconf 86' lang='lat' dir='ltr'><strong>septem</strong></span> <span class='ocrx_word' id='word_1_211' title='bbox 1284 2871 1289 2926; x_wconf 65' lang='lat' dir='ltr'><strong>&gt;j</strong></span> 
     </span>
     <span class='ocr_line' id='line_1_31' title="bbox 197 2954 1169 3042; baseline -0.012 -12"><span class='ocrx_word' id='word_1_212' title='bbox 197 2979 245 3029; x_wconf 83' lang='grc'><strong>145</strong></span> <span class='ocrx_word' id='word_1_213' title='bbox 264 2971 335 3023; x_wconf 86' lang='lat' dir='ltr'><strong>scta</strong></span> <span class='ocrx_word' id='word_1_214' title='bbox 351 2958 454 3023; x_wconf 80' lang='lat' dir='ltr'><strong>vides:</strong></span> <span class='ocrx_word' id='word_1_215' title='bbox 472 2966 631 3042; x_wconf 91' lang='lat' dir='ltr'><strong>superest,</strong></span> <span class='ocrx_word' id='word_1_216' title='bbox 649 2977 797 3020; x_wconf 88' lang='lat' dir='ltr'><strong>numeros</strong></span> <span class='ocrx_word' id='word_1_217' title='bbox 815 2967 851 3019; x_wconf 90' lang='lat' dir='ltr'><strong>ut</strong></span> <span class='ocrx_word' id='word_1_218' title='bbox 868 2954 1007 3040; x_wconf 87' lang='lat' dir='ltr'><strong>pulveris</strong></span> <span class='ocrx_word' id='word_1_219' title='bbox 1025 2974 1169 3036; x_wconf 86' lang='lat' dir='ltr'><strong>aequem,</strong></span> 
     </span>
     <span class='ocr_line' id='line_1_32' title="bbox 263 3039 1072 3117; baseline -0.01 -7"><span class='ocrx_word' id='word_1_220' title='bbox 263 3056 311 3110; x_wconf 87' lang='lat' dir='ltr'><strong>ter</strong></span> <span class='ocrx_word' id='word_1_221' title='bbox 328 3054 456 3110; x_wconf 85' lang='lat' dir='ltr'><strong>centum</strong></span> <span class='ocrx_word' id='word_1_222' title='bbox 473 3064 607 3117; x_wconf 89' lang='lat' dir='ltr'><strong>messes,</strong></span> <span class='ocrx_word' id='word_1_223' title='bbox 624 3051 673 3106; x_wconf 89' lang='lat' dir='ltr'><strong>ter</strong></span> <span class='ocrx_word' id='word_1_224' title='bbox 690 3052 816 3106; x_wconf 87' lang='lat' dir='ltr'><strong>centum</strong></span> <span class='ocrx_word' id='word_1_225' title='bbox 834 3052 939 3104; x_wconf 87' lang='lat' dir='ltr'><strong>musta</strong></span> <span class='ocrx_word' id='word_1_226' title='bbox 956 3039 1072 3104; x_wconf 86' lang='lat' dir='ltr'><strong>videre.</strong></span> 
     </span>
     <span class='ocr_line' id='line_1_33' title="bbox 263 3127 1102 3216; baseline -0.01 -21"><span class='ocrx_word' id='word_1_227' title='bbox 263 3142 389 3216; x_wconf 86' lang='lat' dir='ltr'><strong>tempus</strong></span> <span class='ocrx_word' id='word_1_228' title='bbox 407 3129 479 3205; x_wconf 91' lang='lat' dir='ltr'><strong>erit,</strong></span> <span class='ocrx_word' id='word_1_229' title='bbox 497 3149 571 3191; x_wconf 90' lang='lat' dir='ltr'><strong>cum</strong></span> <span class='ocrx_word' id='word_1_230' title='bbox 586 3127 628 3191; x_wconf 88' lang='lat' dir='ltr'><strong>&lt;le</strong></span> <span class='ocrx_word' id='word_1_231' title='bbox 646 3137 734 3190; x_wconf 87' lang='lat' dir='ltr'><strong>tanto</strong></span> <span class='ocrx_word' id='word_1_232' title='bbox 752 3149 803 3191; x_wconf 91' lang='lat' dir='ltr'><strong>me</strong></span> <span class='ocrx_word' id='word_1_233' title='bbox 822 3148 952 3209; x_wconf 86' lang='lat' dir='ltr'><strong>corpore</strong></span> <span class='ocrx_word' id='word_1_234' title='bbox 969 3144 1102 3209; x_wconf 87' lang='lat' dir='ltr'><strong>parvam</strong></span> 
     </span>
     <span class='ocr_line' id='line_1_34' title="bbox 262 3210 1142 3301; baseline -0.006 -21"><span class='ocrx_word' id='word_1_235' title='bbox 262 3216 360 3301; x_wconf 86' lang='lat' dir='ltr'><strong>longa</strong></span> <span class='ocrx_word' id='word_1_236' title='bbox 377 3214 444 3279; x_wconf 92' lang='lat' dir='ltr'><strong>dies</strong></span> <span class='ocrx_word' id='word_1_237' title='bbox 461 3213 570 3289; x_wconf 83' lang='lat' dir='ltr'><strong>faciet,</strong></span> <span class='ocrx_word' id='word_1_238' title='bbox 589 3223 838 3296; x_wconf 86' lang='lat' dir='ltr'><strong>consumptaque</strong></span> <span class='ocrx_word' id='word_1_239' title='bbox 855 3210 998 3275; x_wconf 88' lang='lat' dir='ltr'><strong>membru</strong></span> <span class='ocrx_word' id='word_1_240' title='bbox 1016 3220 1142 3275; x_wconf 86' lang='lat' dir='ltr'><strong>senecta</strong></span> 
     </span>
     <span class='ocr_line' id='line_1_35' title="bbox 264 3295 1171 3382; baseline -0.007 -16"><span class='ocrx_word' id='word_1_241' title='bbox 264 3301 306 3365; x_wconf 86' lang='lat' dir='ltr'><strong>ad</strong></span> <span class='ocrx_word' id='word_1_242' title='bbox 322 3299 488 3365; x_wconf 90' lang='lat' dir='ltr'><strong>minimum</strong></span> <span class='ocrx_word' id='word_1_243' title='bbox 505 3298 689 3382; x_wconf 86' lang='lat' dir='ltr'><strong>redigentur</strong></span> <span class='ocrx_word' id='word_1_244' title='bbox 707 3318 797 3361; x_wconf 85' lang='lat' dir='ltr'><strong>onus.</strong></span> <span class='ocrx_word' id='word_1_245' title='bbox 840 3318 899 3361; x_wconf 92' lang='lat' dir='ltr'><strong>nec</strong></span> <span class='ocrx_word' id='word_1_246' title='bbox 917 3306 1023 3360; x_wconf 82' lang='lat' dir='ltr'><strong>amata</strong></span> <span class='ocrx_word' id='word_1_247' title='bbox 1039 3295 1171 3361; x_wconf 86' lang='lat' dir='ltr'><strong>videbor</strong></span> 
     </span>
     <span class='ocr_line' id='line_1_36' title="bbox 197 3380 1159 3471; baseline -0.011 -15"><span class='ocrx_word' id='word_1_248' title='bbox 197 3408 247 3456; x_wconf 86' lang='lat'><strong>150</strong></span> <span class='ocrx_word' id='word_1_249' title='bbox 263 3408 323 3452; x_wconf 88' lang='lat' dir='ltr'><strong>nec</strong></span> <span class='ocrx_word' id='word_1_250' title='bbox 340 3385 496 3471; x_wconf 82' lang='lat' dir='ltr'><strong>placuisse</strong></span> <span class='ocrx_word' id='word_1_251' title='bbox 515 3383 584 3449; x_wconf 90' lang='lat' dir='ltr'><strong>deo.</strong></span> <span class='ocrx_word' id='word_1_252' title='bbox 628 3381 781 3446; x_wconf 88' lang='lat' dir='ltr'><strong>Phoebus</strong></span> <span class='ocrx_word' id='word_1_253' title='bbox 798 3402 924 3465; x_wconf 93' lang='lat' dir='ltr'><strong>quoque</strong></span> <span class='ocrx_word' id='word_1_254' title='bbox 941 3380 1072 3445; x_wconf 85' lang='lat' dir='ltr'><strong>forsitan</strong></span> <span class='ocrx_word' id='word_1_255' title='bbox 1090 3380 1159 3465; x_wconf 88' lang='lat' dir='ltr'><strong>ipso</strong></span> 
     </span>
     <span class='ocr_line' id='line_1_37' title="bbox 231 3467 971 3555; baseline -0.009 -19"><span class='ocrx_word' id='word_1_256' title='bbox 231 3487 233 3492; x_wconf 82' lang='lat'>&#39;</span> <span class='ocrx_word' id='word_1_257' title='bbox 263 3472 314 3537; x_wconf 85' lang='lat' dir='ltr'><strong>vel</strong></span> <span class='ocrx_word' id='word_1_258' title='bbox 332 3493 396 3535; x_wconf 91' lang='lat' dir='ltr'><strong>non</strong></span> <span class='ocrx_word' id='word_1_259' title='bbox 413 3479 583 3555; x_wconf 81' lang='lat' dir='ltr'><strong>cognoscet</strong></span> <span class='ocrx_word' id='word_1_260' title='bbox 600 3468 651 3534; x_wconf 86' lang='lat' dir='ltr'><strong>vel</strong></span> <span class='ocrx_word' id='word_1_261' title='bbox 669 3467 816 3531; x_wconf 86' lang='lat' dir='ltr'><strong>dilexisse</strong></span> <span class='ocrx_word' id='word_1_262' title='bbox 833 3467 971 3551; x_wconf 84' lang='lat' dir='ltr'><strong>negabit.</strong></span> 
     </span>
    </p>
   </div>
   <div class='ocr_carea' id='block_1_3' title="bbox 264 3551 1133 3718">
    <p class='ocr_par' dir='ltr' id='par_1_3' title="bbox 264 3551 1133 3718">
     <span class='ocr_line' id='line_1_38' title="bbox 264 3551 1053 3640; baseline -0.009 -18"><span class='ocrx_word' id='word_1_263' title='bbox 264 3578 366 3640; x_wconf 90' lang='lat' dir='ltr'><strong>usque</strong></span> <span class='ocrx_word' id='word_1_264' title='bbox 384 3555 464 3621; x_wconf 90' lang='lat' dir='ltr'><strong>adeo</strong></span> <span class='ocrx_word' id='word_1_265' title='bbox 481 3565 603 3619; x_wconf 86' lang='lat' dir='ltr'><strong>mutata</strong></span> <span class='ocrx_word' id='word_1_266' title='bbox 620 3554 714 3619; x_wconf 85' lang='lat' dir='ltr'><strong>ferar.</strong></span> <span class='ocrx_word' id='word_1_267' title='bbox 758 3551 899 3635; x_wconf 93' lang='lat' dir='ltr'><strong>nullique</strong></span> <span class='ocrx_word' id='word_1_268' title='bbox 916 3551 1053 3616; x_wconf 85' lang='lat' dir='ltr'><strong>videnda</strong></span> 
     </span>
     <span class='ocr_line' id='line_1_39' title="bbox 264 3635 1133 3718; baseline -0.008 -11"><span class='ocrx_word' id='word_1_269' title='bbox 264 3664 343 3707; x_wconf 88' lang='lat' dir='ltr'><strong>vocs</strong></span> <span class='ocrx_word' id='word_1_270' title='bbox 360 3654 466 3706; x_wconf 88' lang='lat' dir='ltr'><strong>tamen</strong></span> <span class='ocrx_word' id='word_1_271' title='bbox 485 3661 611 3704; x_wconf 86' lang='lat' dir='ltr'><strong>noscar:</strong></span> <span class='ocrx_word' id='word_1_272' title='bbox 630 3660 741 3703; x_wconf 87' lang='lat' dir='ltr'><strong>vocem</strong></span> <span class='ocrx_word' id='word_1_273' title='bbox 759 3635 836 3701; x_wconf 92' lang='lat' dir='ltr'><strong>mihi</strong></span> <span class='ocrx_word' id='word_1_274' title='bbox 853 3637 920 3701; x_wconf 83' lang='lat' dir='ltr'><strong>fata</strong></span> <span class='ocrx_word' id='word_1_275' title='bbox 935 3635 1133 3718; x_wconf 59' lang='lat' dir='ltr'><strong>relinquent)</strong></span> 
     </span>
    </p>
   </div>
   <div class='ocr_carea' id='block_1_4' title="bbox 306 3721 1104 3876">
    <p class='ocr_par' dir='ltr' id='par_1_4' title="bbox 306 3721 1104 3876">
     <span class='ocr_line' id='line_1_40' title="bbox 306 3721 1104 3876; baseline -0.009 -85"><span class='ocrx_word' id='word_1_276' title='bbox 306 3726 399 3792; x_wconf 83' lang='lat' dir='ltr'><strong>Talia</strong></span> <span class='ocrx_word' id='word_1_277' title='bbox 416 3747 593 3791; x_wconf 86' lang='lat' dir='ltr'><strong>convexum</strong></span> <span class='ocrx_word' id='word_1_278' title='bbox 607 3747 668 3876; x_wconf 66' lang='lat' dir='ltr'><strong>per</strong></span> <span class='ocrx_word' id='word_1_279' title='bbox 683 3725 744 3788; x_wconf 90' lang='lat' dir='ltr'><strong>iter</strong></span> <span class='ocrx_word' id='word_1_280' title='bbox 759 3732 953 3787; x_wconf 85' lang='lat' dir='ltr'><strong>memorante</strong></span> <span class='ocrx_word' id='word_1_281' title='bbox 972 3721 1104 3805; x_wconf 84' lang='lat' dir='ltr'><strong>Sibylla,</strong></span> 
     </span>
    </p>
   </div>
   <div class='ocr_carea' id='block_1_5' title="bbox 198 3807 1294 4237">
    <p class='ocr_par' dir='ltr' id='par_1_5' title="bbox 198 3807 1294 4237">
     <span class='ocr_line' id='line_1_41' title="bbox 198 3807 1058 3895; baseline -0.014 -13"><span class='ocrx_word' id='word_1_282' title='bbox 198 3834 247 3884; x_wconf 86' lang='grc'><strong>155</strong></span> <span class='ocrx_word' id='word_1_283' title='bbox 265 3812 393 3880; x_wconf 88' lang='lat' dir='ltr'><strong>sedibus</strong></span> <span class='ocrx_word' id='word_1_284' title='bbox 411 3810 588 3876; x_wconf 85' lang='lat' dir='ltr'><strong>Euboicam</strong></span> <span class='ocrx_word' id='word_1_285' title='bbox 633 3809 728 3895; x_wconf 83' lang='lat' dir='ltr'><strong>tygiis</strong></span> <span class='ocrx_word' id='word_1_286' title='bbox 746 3807 879 3893; x_wconf 82' lang='lat' dir='ltr'><strong>emergit</strong></span> <span class='ocrx_word' id='word_1_287' title='bbox 896 3808 928 3871; x_wconf 96' lang='lat' dir='ltr'><strong>in</strong></span> <span class='ocrx_word' id='word_1_288' title='bbox 947 3807 1058 3872; x_wconf 89' lang='lat' dir='ltr'><strong>urbem</strong></span> 
     </span>
     <span class='ocr_line' id='line_1_42' title="bbox 264 3893 993 3979; baseline -0.007 -17"><span class='ocrx_word' id='word_1_289' title='bbox 264 3898 380 3962; x_wconf 82' lang='lat' dir='ltr'><strong>Troius</strong></span> <span class='ocrx_word' id='word_1_290' title='bbox 400 3898 540 3972; x_wconf 88' lang='lat' dir='ltr'><strong>Aeneas,</strong></span> <span class='ocrx_word' id='word_1_291' title='bbox 558 3896 718 3979; x_wconf 89' lang='lat' dir='ltr'><strong>sacrisque</strong></span> <span class='ocrx_word' id='word_1_292' title='bbox 736 3916 777 3959; x_wconf 84' lang='lat' dir='ltr'><strong>ex</strong></span> <span class='ocrx_word' id='word_1_293' title='bbox 794 3893 993 3959; x_wconf 83' lang='lat' dir='ltr'><strong>moralitatis</strong></span> 
     </span>
     <span class='ocr_line' id='line_1_43' title="bbox 264 3978 1053 4046; baseline -0.005 0"><span class='ocrx_word' id='word_1_294' title='bbox 264 3983 357 4046; x_wconf 88' lang='lat' dir='ltr'><strong>litora</strong></span> <span class='ocrx_word' id='word_1_295' title='bbox 374 3982 440 4046; x_wconf 89' lang='lat' dir='ltr'><strong>adit</strong></span> <span class='ocrx_word' id='word_1_296' title='bbox 456 3981 598 4045; x_wconf 89' lang='lat' dir='ltr'><strong>nondum</strong></span> <span class='ocrx_word' id='word_1_297' title='bbox 615 3979 744 4045; x_wconf 84' lang='lat' dir='ltr'><strong>nutricis</strong></span> <span class='ocrx_word' id='word_1_298' title='bbox 761 3978 911 4044; x_wconf 89' lang='lat' dir='ltr'><strong>habentia</strong></span> <span class='ocrx_word' id='word_1_299' title='bbox 927 4000 1053 4043; x_wconf 85' lang='lat' dir='ltr'><strong>nomen.</strong></span> 
     </span>
     <span class='ocr_line' id='line_1_44' title="bbox 266 4063 1291 4151; baseline -0.004 -21"><span class='ocrx_word' id='word_1_300' title='bbox 266 4066 319 4130; x_wconf 92' lang='lat' dir='ltr'><strong>hic</strong></span> <span class='ocrx_word' id='word_1_301' title='bbox 328 4087 455 4149; x_wconf 93' lang='lat' dir='ltr'><strong>quoque</strong></span> <span class='ocrx_word' id='word_1_302' title='bbox 464 4066 645 4130; x_wconf 89' lang='lat' dir='ltr'><strong>substiterat</strong></span> <span class='ocrx_word' id='word_1_303' title='bbox 653 4077 724 4151; x_wconf 90' lang='lat' dir='ltr'><strong>post</strong></span> <span class='ocrx_word' id='word_1_304' title='bbox 733 4065 838 4129; x_wconf 86' lang='lat' dir='ltr'><strong>taedia</strong></span> <span class='ocrx_word' id='word_1_305' title='bbox 846 4066 942 4149; x_wconf 85' lang='lat' dir='ltr'><strong>longa</strong></span> <span class='ocrx_word' id='word_1_306' title='bbox 954 4063 1099 4127; x_wconf 89' lang='lat' dir='ltr'><strong>laborum</strong></span> <span class='ocrx_word' id='word_1_307' title='bbox 1121 4078 1291 4133; x_wconf 62' lang='lat' dir='ltr'><strong>Achaemeni-</strong></span> 
     </span>
     <span class='ocr_line' id='line_1_45' title="bbox 266 4148 1294 4237; baseline 0.002 -21"><span class='ocrx_word' id='word_1_308' title='bbox 266 4149 406 4217; x_wconf 88' lang='lat' dir='ltr'><strong>Neritius</strong></span> <span class='ocrx_word' id='word_1_309' title='bbox 415 4150 595 4231; x_wconf 87' lang='lat' dir='ltr'><strong>Macareus,</strong></span> <span class='ocrx_word' id='word_1_310' title='bbox 602 4173 708 4219; x_wconf 84' lang='lat' dir='ltr'><strong>comes</strong></span> <span class='ocrx_word' id='word_1_311' title='bbox 717 4148 1294 4237; x_wconf 69' lang='lat' dir='ltr'><strong>experientisUlixei,‹1esetP0ortem‹</strong></span> 
     </span>
    </p>
   </div>
   <div class='ocr_carea' id='block_1_6' title="bbox 0 20 1404 4500">
    <p class='ocr_par' dir='ltr' id='par_1_6' title="bbox 0 20 1404 4500">
     <span class='ocr_line' id='line_1_46' title="bbox 0 20 1404 4500; baseline 0 10"><span class='ocrx_word' id='word_1_312' title='bbox 0 20 1404 4500; x_wconf 95' lang='lat' dir='ltr'><strong> </strong></span> 
     </span>
    </p>
   </div>
  </div>
 </body>
</html>
