2800 4500
231 233 294 302 184
561 245 594 303 Ρ,
613 246 738 304 OVIDII
754 243 917 304 NASONIS

162 393 212 442 140
229 372 473 460 spumigeroque
490 382 582 437 tuum
599 369 690 447 fonti,
709 392 772 455 qua
788 369 945 456 plurimus
963 368 1038 446 exit,

229 458 330 524 subde
347 468 456 544 eaput,
475 477 513 522 oo
551 477 654 540 usque
671 456 781 533 simul,
799 455 893 520 simul
910 455 981 521 elue
998 452 1138 520 crimen?

229 567 286 608 rex
302 543 407 609 iussae
424 563 518 608 succe
542 541 566 606 ‘t
582 563 694 629 aquae.
737 541 787 605 vis
804 563 901 606 aurea
917 539 1010 605 tinxit

228 630 348 695 flumen
365 639 397 695 et
414 628 554 693 humano
572 627 612 692 de
630 647 762 713 corpore
780 626 875 692 cessit
890 624 924 690 in
941 647 1077 690 amnem.

228 737 314 780 nunc
329 734 458 798 quoque
473 713 538 778 iam
555 712 670 777 veteris
687 722 836 798 percepto
853 710 974 777 semine
990 731 1091 776 venas

162 819 211 868 145
229 823 306 865 arva
321 800 427 886 rigent
443 819 520 864 auro
537 797 673 862 madidis
689 796 841 883 pallentia
857 796 989 883 glaebis.

271 886 345 963 Ille,
361 905 493 970 perosus
511 904 602 984 opes,
621 883 717 948 silvas
734 893 767 947 et
783 905 857 947 rura
874 881 998 947 colebat
1035 878 1043 893 ’

227 970 383 1054 Panaque
399 980 557 1035 montams
574 968 771 1033 habitantem
788 989 913 1053 semper
929 967 963 1047 in
982 966 1089 1032 antris.

228 1057 347 1143 pingue
364 1054 470 1121 sedin
494 1053 601 1120 enium
618 1053 749 1130 mansit3
765 1052 988 1138 nocituraque,
1005 1065 1042 1117 ut
1059 1062 1143 1131 ante,

228 1164 337 1207 rursus
355 1150 444 1208 erant
483 1139 589 1205 omino
606 1139 721 1204 stultae
738 1138 922 1224 praecordia
938 1137 1064 1203 mentis.

162 1247 212 1297 155
229 1250 304 1291 nam
321 1226 403 1292 freta
419 1224 612 1312 prospiciens
629 1224 692 1290 late
709 1225 793 1311 riget
809 1223 928 1289 arduus
946 1225 1009 1288 alto

228 1311 362 1377 Tmolus
379 1311 413 1375 in
430 1332 578 1388 ascensu,
596 1309 742 1393 clivoque
759 1319 909 1375 extensus
925 1321 1061 1393 utroque

230 1395 385 1463 Sardibus
402 1395 490 1472 hinc,
507 1395 593 1460 illinc
606 1394 717 1496 parvis
733 1394 842 1459 finitur
858 1395 1035 1480 Hypaepis.

227 1482 300 1548 Pan
316 1482 363 1547 ibi
379 1481 456 1547 dum
473 1480 589 1546 teneris
605 1490 703 1545 iactat
720 1503 779 1545 sua
795 1480 937 1544 carmina
952 1479 1102 1566 nymphis

229 1578 261 1634 et
276 1569 348 1634 leve
366 1578 472 1633 cerata
487 1566 669 1631 modulatur
685 1564 863 1631 harundine
880 1587 1017 1640 carmen,

162 1674 211 1723 155
230 1676 326 1719 ausus
343 1652 530 1738 Apollineos
546 1673 624 1738 prae
641 1673 676 1716 se
694 1662 895 1716 contemnere
912 1663 1035 1729 cantus,

228 1738 333 1804 iudice
350 1737 410 1803 sub
427 1737 541 1803 Tmolo
559 1747 720 1802 certamen
736 1737 823 1802 venit
839 1736 882 1801 ad
898 1736 1009 1822 impar.

228 1836 335 1889 monte
353 1844 411 1888 suo
428 1822 533 1888 senior
549 1822 647 1887 iudex
663 1821 820 1899 consedit,
838 1832 871 1887 et
887 1843 980 1887 aures

227 1909 342 1975 liberat
358 1907 534 1973 arboribus.
577 1928 697 1992 quercu
714 1929 806 1973 coma
822 1907 949 1973 caerula
966 1917 1090 1972 tantum

229 1994 377 2082 cingitur,
394 2005 427 2060 et
443 1993 584 2080 pendent
600 1993 720 2059 circum
738 2014 818 2058 cava
833 2003 976 2079 tempora
993 1992 1135 2078 glandes.

163 2101 212 2150 155
229 2081 320 2165 isque
338 2080 433 2145 deum
450 2079 573 2166 pecoris
590 2102 605 2143 s
648 2092 737 2144 ctans
755 2078 802 2143 ‘in
819 2077 937 2144 iudice’
956 2077 1036 2143 dixit

230 2166 333 2231 ‘nulla
348 2187 439 2231 mora
456 2165 524 2230 est.’
618 2164 697 2230 amis
715 2164 894 2251 agrestibus
910 2163 1036 2228 insonat
1052 2163 1119 2229 ills:

228 2252 458 2336 barbaricoque
475 2250 590 2316 Midan
606 2248 732 2334 (aderat
748 2273 823 2315 nam
840 2250 922 2315 forte
938 2250 1079 2334 canenti)

229 2337 367 2403 carmine
385 2337 511 2402 delenit.
554 2347 626 2422 post
642 2335 728 2401 hunc
745 2358 835 2402 sacer
851 2357 908 2401 ora
923 2334 1050 2401 retorsit

228 2422 362 2488 Tmolus
379 2422 421 2487 ad
436 2444 473 2487 os
490 2421 629 2498 Phoebi3
647 2422 772 2487 vultum
789 2443 848 2487 sua
863 2421 945 2486 silva
960 2430 1071 2486 secuta
1086 2430 1144 2485 est

162 2528 211 2577 155
228 2508 281 2573 ille
299 2518 396 2657 caput
411 2507 530 2572 flavum
546 2506 637 2571 lauro
653 2505 831 2572 Parnaside
848 2507 972 2572 vinctus

228 2592 326 2659 verrit
365 2615 475 2658 umum
492 2591 592 2741 {prio
609 2602 750 2657 saturata
766 2591 885 2657 murice
901 2593 1002 2679 palla:

227 2676 511 2763 instructamquefi
533 2700 585 2743 em
595 2676 731 2764 gemmis
749 2687 780 2743 et
797 2677 945 2743 dentibus
962 2677 1052 2743 Indis

229 2763 362 2830 sustinet
379 2786 399 2828 a
414 2763 520 2829 laeva:
538 2762 640 2829 tenuit
655 2785 770 2828 manus
786 2763 885 2829 altera
900 2764 1067 2850 plectrum.

229 2848 358 2950 511111515
374 2858 475 2950 status
491 2848 560 2935 ipse
577 2847 648 2913 fuit.
690 2860 760 2913 tum
777 2848 912 2950 stamina
929 2849 1022 2915 docto

162 2956 212 3005 ¹⁷⁰
228 2934 1080 3085 stlttttlttattttttlttttttt‘tta.

228 3105 379 3170 iudicium
395 3105 561 3189 sanctique
577 3104 682 3190 placet
699 3104 855 3170 sententia
870 3104 986 3169 montis

228 3190 389 3267 omnibus3
408 3190 551 3275 arguitur
567 3200 673 3256 tamen
691 3202 787 3273 atque
804 3190 920 3254 iniusta
937 3199 1069 3255 vocatur

227 3276 322 3341 unius
339 3297 483 3341 sermone
500 3274 621 3340 Midae.
664 3295 724 3340 nec
741 3274 855 3340 Delius
873 3297 964 3340 aures

161 3382 210 3432 115
228 3361 400 3427 humanam
417 3360 546 3425 stolidas
562 3360 682 3446 patitur
697 3360 832 3425 retinere
849 3360 999 3445 figuram:

228 3447 284 3512 sed
301 3446 397 3512 trahit
412 3445 446 3510 in
462 3446 601 3532 spatium
617 3444 763 3528 villisque
780 3445 959 3510 albentibus
976 3445 1097 3530 implet,

227 3531 454 3615 instabilesque
469 3530 550 3595 imas
568 3530 645 3595 facit
662 3541 692 3595 et
711 3529 766 3595 dat
782 3552 875 3615 posse
893 3531 1023 3597 moveri.

228 3629 333 3682 cetera
350 3626 424 3681 sunt
440 3615 591 3681 hominis:
607 3626 730 3701 partem
748 3615 916 3680 damnatur
931 3615 965 3680 in
982 3639 1080 3681 unam

227 3701 430 3785 induiturque
448 3723 541 3766 aures
557 3701 641 3767 lente
659 3700 832 3786 gradientis
849 3702 948 3766 aselli.

161 3808 211 3858 180
270 3786 329 3851 Π15
346 3785 474 3870 quidem
492 3787 594 3851 celare
611 3786 713 3871 cupit,
731 3786 878 3871 turpique
895 3786 1016 3871 pudore

228 3883 371 3955 tempora
387 3872 554 3957 purpureis
571 3882 707 3956 temptat
723 3871 828 3936 velare
846 3872 943 3936 tiaris.

229 3956 285 4020 sed
301 3954 412 4019 solitus
428 3955 540 4040 longos
557 3955 641 4022 ferro
659 3978 801 4021 resecare
819 3957 949 4044 capillos

228 4038 351 4108 11115151
367 4039 428 4108 hoc
443 4039 592 4107 famulus.
636 4041 705 4128 qui,
723 4063 796 4109 cum
813 4064 873 4109 nec
888 4042 1023 4131 prodere
1041 4043 1144 4113 visum
