2800 4500
243 267 304 335 156
426 257 468 275 ”’
560 279 594 336 P.
613 260 738 338 ov'mu
755 264 918 337 ursonis

240 404 306 469 filia
322 401 491 470 Maeandri
507 403 622 470 totiena
640 403 801 469 redeuntia
819 402 941 479 eodem,

242 490 369 575 cognita
386 487 518 575 Cyanee
544 489 738 575 praestantia
755 509 888 575 corpora
904 488 1016 566 forma,

240 574 380 660 Byblida
397 594 470 639 cum
488 570 613 651 (launo,
630 574 752 661 prolem
770 586 818 639 est
834 573 928 640 enixa
945 574 1123 660 gemellam.
1165 589 1264 661 Byblb.

176 659 182 691 ‘
240 659 352 745 Byblis
369 659 404 724 in
421 659 567 745 exemplo
584 669 647 735 eat,
665 669 701 724 ut
718 669 825 725 ament
843 681 993 724 concessa
1009 660 1142 746 puellae
1255 696 1257 699 v

172 764 223 815 455
242 745 354 830 Byblis
373 744 534 831 Apollinei
551 756 696 830 correpta
713 744 861 832 cupidine
878 744 984 810 fratris
1048 782 1052 789 ·

240 853 304 895 non
321 851 410 896 soror
426 840 463 896 ut
479 829 624 907 fratrem,
642 851 703 896 nec
719 852 784 915 qua
801 828 953 906 debebat,
971 829 1102 896 amavit

239 915 295 981 illa
311 915 440 1001 quidem
456 914 559 1002 primo
575 916 680 981 nullos
696 914 851 1002 intellegit
868 916 969 1001 ignes,

181 1084 184 1089 ἱ
240 1022 300 1068 nec
340 1023 449 1067 eccare
465 1011 571 1087 putat,
589 1000 676 1102 quod
693 1000 820 1086 saepius
838 1001 945 1066 oscula
962 1001 1084 1087 iungat,

176 1100 180 1119 ³
241 1024 338 1170 quod
343 1109 402 1152 sua
418 1086 559 1152 fraterno
577 1085 751 1151 circumdet
767 1085 917 1151 bracchia
934 1086 1029 1165 collo;

173 1191 225 1242 460
242 1171 451 1274 mendacique
469 1171 523 1273 diu
541 1170 668 1258 pietatis
684 1171 805 1272 fallitur
822 1170 945 1237 umbra

241 1256 1033 1429 tttattltltttttt‘ztltttt&tlt2

242 1439 273 1494 et
290 1427 317 1492 si
334 1449 399 1512 qua
416 1426 545 1493 estillic
561 1426 740 1506 formosior,
757 1427 877 1492 invidet
893 1427 949 1493 illi.

173 1518 177 1535 ⁴
242 1512 299 1578 sed
314 1512 457 1578 nondum
473 1511 642 1578 manifesta
659 1512 721 1578 sibi
738 1522 785 1578 est
802 1512 988 1597 nullumque
1005 1514 1066 1578 sub
1083 1513 1136 1580 illo

174 1616 224 1668 465
241 1599 316 1685 igne
333 1597 410 1663 facit
427 1608 551 1664 votum:
569 1608 788 1664 verumtamen
806 1608 930 1663 aestuat
946 1598 1042 1664 intus.

241 1683 305 1747 iam
323 1682 487 1748 dominum
504 1683 657 1770 appellat,
673 1683 738 1748 iam
755 1684 884 1748 nomina
901 1684 1065 1770 sanguinis
1082 1685 1162 1751 odite

240 1768 398 1855 Byblida„
410 1768 475 1834 iam
492 1770 627 1847 mavult,
645 1789 743 1853 qnam
760 1791 795 1834 se
812 1778 905 1835 vocet
920 1768 974 1836 ille
991 1791 1141 1836 sororem.

242 1876 314 1941 spes
331 1865 437 1920 tamen
455 1855 608 1921 obscenas
626 1854 732 1920 animo
749 1854 915 1921 demittere
930 1876 995 1920 non
1013 1868 1061 1921 est

173 1950 178 1971 ¹
242 1963 320 2005 ausa
337 1961 394 2005 suo
411 1940 561 2027 vigilans:
579 1939 705 2027 placida
722 1941 861 2006 resoluta
876 1940 982 2025 quiete
1124 2006 1126 2009 ,

173 2046 225 2096 tto
242 2048 337 2111 saepe
355 2025 456 2102 videt,
479 2025 566 2110 quod
587 2036 682 2092 amat
721 2025 796 2091 >visa
813 2036 861 2091 eet
877 2047 1004 2110 quoque
1025 2026 1157 2113 iungere
1173 2027 1265 2095 fratri

241 2133 370 2197 corpus3
388 2122 419 2177 et
436 2110 577 2190 erubuit,
594 2110 740 2197 quamvis
757 2111 860 2198 sopita
876 2111 1011 2177 iacebat.

242 2219 371 2263 somnus
389 2197 465 2263 abit.
509 2197 579 2266 silet
595 2197 651 2264 illa
668 2196 723 2262 diu
740 2197 917 2285 repetitque
933 2197 1048 2283 quietis

240 2283 311 2370 ipsa
327 2306 408 2350 suae
421 2283 557 2370 speciem
576 2283 737 2366 dubiaque
754 2283 800 2348 ita
815 2295 922 2349 mente
938 2283 1096 2370 profatur:

171 2367 176 2393 ‘
241 2375 307 2436 ‘me
323 2367 486 2435 miseraml
502 2368 618 2435 tacitae
635 2368 714 2453 quid
730 2369 799 2434 vult
816 2367 877 2434 sibi
893 2369 994 2435 noctis
1010 2369 1137 2454 imago?

173 2474 224 2523 ⁴⁷⁵
240 2452 621 2605 ttffitntltrttttt
638 2453 791 2604 lilii?
802 2454 1111 2606 ttttttttlll

241 2636 273 2691 et
288 2561 407 2711 placet,
424 2635 457 2690 et
472 2624 615 2711 possim,
624 2561 660 2690 sil
667 2646 733 2689 non
750 2623 792 2690 sit
807 2625 915 2702 frater,
933 2562 1049 2703 amand,
1095 2587 1105 2619 ’

241 2721 274 2777 et
288 2732 340 2776 me
352 2709 390 2775 ‘di
435 2732 474 2775 us
492 2721 569 2776 erat.
612 2732 724 2777 verum
741 2721 834 2777 nocet
851 2733 920 2777 esse
937 2733 1086 2777 sororem.

171 2807 176 2826 '
218 2797 317 2862 ‘dum
333 2818 386 2861 mo
410 2796 510 2862 otale
527 2794 606 2860 nihil
622 2796 758 2883 vigilans
776 2798 971 2863 committere
988 2808 1150 2883 temptem,
1257 2803 1258 2806 ’

173 2900 224 2951 480
240 2904 335 2968 saepe
351 2881 425 2947 licet
442 2880 536 2946 simili
552 2880 662 2948 redeat
679 2880 739 2947 snb
756 2882 895 2967 imagine
913 2904 1057 2948 somnus:

240 2968 329 3035 testis
346 2966 436 3038 abest
453 2988 573 3043 somno,
590 2990 651 3033 nec
668 2968 758 3033 abest
774 2967 898 3033 imitata
913 2968 987 3033 volu
1011 2980 1069 3034 tas.

240 3075 298 3138 pro
315 3053 427 3118 Venus
444 3063 476 3120 et
493 3062 602 3118 tenera
618 3054 748 3119 volucer
765 3075 838 3118 cum
855 3063 956 3118 matre
1004 3053 1111 3154 upido,

240 3137 360 3224 gaudia
375 3149 496 3222 quanta
511 3137 585 3208 tulit
612 3160 710 3224 quam
727 3161 779 3204 me
796 3138 964 3204 manifesta
980 3138 1078 3204 libido

170 3223 193 3260 ‘<
241 3223 386 3311 contigit!
404 3234 441 3289 ut
456 3223 540 3289 iacui
557 3223 630 3292 totis
647 3223 786 3289 resoluta
801 3223 963 3289 medullisi

172 3328 222 3379 485
240 3321 275 3374 ut
291 3308 472 3376 meminisse
488 3307 592 3375 iuvat!
616 3309 762 3396 quamvis
779 3309 884 3374 brevis
900 3309 956 3373 illa
972 3309 1128 3397 voluptas,
1245 3309 1249 3315 ⁴

239 3417 366 3480 noxque
383 3395 444 3461 fuit
460 3416 612 3481 praecepa
630 3405 663 3461 et
679 3393 799 3496 coeptis
816 3393 925 3459 invida
941 3396 1065 3460 nostris.

240 3504 260 3546 o
277 3503 349 3567 ego,
366 3481 394 3546 si
410 3480 505 3547 liceat
520 3492 642 3546 mutato
658 3502 787 3545 nomine
803 3479 904 3567 iungi,

240 3588 336 3651 quam
353 3567 450 3644 bene,
467 3564 595 3643 Canna,
612 3576 667 3631 tuo
684 3576 828 3652 poteram
844 3589 943 3631 nurus
961 3589 1030 3633 esse
1051 3566 1187 3653 parenti!
1255 3568 1258 3572 ’

169 3665 174 3684 ‘
208 3646 212 3654 ’
241 3650 451 3737 quambene,
469 3649 593 3732 Canna,
610 3673 681 3718 meo
700 3662 826 3737 poteras
843 3674 941 3737 gener
959 3675 1027 3718 esse
1044 3651 1198 3742 parentil'

171 3756 223 3807 490
241 3736 360 3812 omnia,
379 3737 410 3801 di
427 3737 582 3813 facerent,
600 3750 706 3802 essent
723 3737 903 3802 communia
919 3737 1021 3815 nobis,

239 3832 365 3909 praeter
382 3843 472 3886 avos:
490 3834 525 3888 tu
542 3846 593 3887 me
611 3823 726 3888 vellem
743 3824 925 3908 generosior
943 3845 1039 3889 esses.

239 3907 346 3973 nescio
363 3928 460 3991 quam
476 3906 574 3973 facies
592 3907 698 3994 igitur,
716 3908 940 3994 pulcherrime,
958 3909 1105 3987 matrem3

240 3990 383 4067 etmihi,
401 4013 483 4075 quae
500 3993 583 4062 male
600 4016 686 4071 sum,
704 4014 785 4077 quos
803 4004 852 4069 tu,
871 3993 980 4059 sortita
997 4006 1153 4079 parentes,
1255 3993 1257 3996 ’

169 4075 179 4112 ‘
239 4077 285 4143 nil
302 4074 362 4142 nisi
378 4075 476 4145 frater
492 4077 568 4145 eris:
586 4078 673 4165 qnod
689 4079 791 4160 obeat,
808 4078 843 4145 id
859 4078 1047 4148 habebimus
1064 4080 1183 4148 unum?
