2800 4500
248 201 294 267 64
584 214 618 273 Ρ.
637 213 762 273 OVIDII
779 212 942 274 NASONIS

183 358 234 409 000
251 350 283 405 00
298 361 384 405 nune
400 338 462 405 hac
478 338 599 418 iuveni,
616 361 702 405 nunc
720 340 982 406 circumfunditur
998 339 1080 407 illae.
1137 415 1139 417 .
1259 380 1263 389 ι

252 424 388 508 denique
405 426 556 492 nitentem
574 437 685 492 contra
700 426 846 510 elabique
863 427 1022 492 volentem

251 511 406 595 implicat,
423 522 460 576 ut
476 533 620 597 serpens,
638 533 734 596 quam
750 512 840 598 regia
856 511 990 578 sustinet
1007 514 1072 579 ales

252 595 482 680 sublimemque
498 597 595 683 rapit3
612 598 755 683 pendens
773 608 869 698 eaput
886 597 941 662 illa
957 598 1119 684 pedesque

252 681 360 767 alligat
378 692 410 748 et
426 682 529 747 cauda
546 684 716 769 spatiantes
733 683 875 768 implicat
892 684 971 747 alas:

185 786 234 836 005
252 778 327 833 utve
344 769 447 833 solent
462 768 598 847 hederae
615 769 727 854 longos
744 769 885 835 intexere
902 780 1044 848 truncos3

251 865 349 936 utque
367 852 427 918 sub
445 853 635 938 aequoribus
652 855 845 954 deprensum
845 854 996 1004 AEolypus
1014 855 1136 921 hostem

253 938 405 1017 eontinet,
424 961 465 1003 ex
482 939 569 1004 omni
586 938 722 1004 dimissis
739 951 829 1026 parte
887 940 988 1025 gellis.

252 1035 372 1111 perstat
389 1025 589 1089 Atlantiades
607 1035 795 1111 sperataque
812 1026 931 1112 gaudia
946 1026 1105 1112 nymphae

253 1110 399 1196 denegat.
442 1109 497 1175 illa
513 1110 641 1195 premit,
659 1110 889 1194 commissaque
907 1132 1037 1196 corpore
1054 1123 1121 1176 toto

156 1246 159 1250 ι
186 1213 236 1263 000
253 1195 334 1260 sicut
350 1195 549 1273 inhaerebat,
568 1202 717 1282 “pugnes
733 1195 816 1272 lieet,
834 1196 1007 1282 improbe‚’'
1025 1194 1105 1261 dixit

255 1287 344 1345 “non
361 1291 467 1346 tamen
484 1280 620 1367 effugies
636 1281 742 1346 -ita
759 1281 793 1346 di
808 1281 958 1359 iubeatis,
976 1292 1007 1347 et
1022 1282 1118 1347 istum

252 1366 342 1431 nulla
359 1366 427 1432 dies
444 1389 464 1431 a
480 1388 532 1431 me
548 1389 608 1432 nec
624 1390 676 1432 me
702 1367 831 1432 diducat
847 1366 889 1431 ab
905 1366 996 1432 isto.''

253 1461 328 1515 vota
345 1473 418 1516 suos
436 1450 574 1517 habuere
592 1453 678 1517 deos.
721 1475 796 1517 nam
813 1452 912 1517 mixta
929 1454 1064 1517 duorum

254 1557 386 1623 corpora
401 1537 586 1622 iunguntur,
604 1537 765 1621 faciesque
782 1537 943 1602 inducitur
957 1539 1019 1603 illis

187 1642 236 1691 075
254 1644 327 1687 una.
370 1624 458 1687 velut
475 1623 502 1687 si
519 1623 590 1706 quis
607 1624 765 1688 conducat
781 1624 896 1688 cortice
913 1646 1028 1700 ramos,

246 1704 426 1773 'crescendo
442 1707 532 1793 iungi
548 1708 729 1793 pariterque
747 1707 926 1774 adolescere
943 1710 1057 1775 cernit:

255 1793 373 1859 sicubi
390 1794 557 1878 complexu
574 1793 716 1859 coierunt
733 1793 877 1858 membra
893 1794 1007 1872 tenaci,

254 1900 314 1944 nec
331 1878 395 1943 duo
412 1891 501 1956 sunt,
519 1879 576 1944 sed
592 1879 695 1943 forma
712 1879 844 1965 duplex,
861 1900 921 1944 neo
938 1880 1056 1945 femina
1073 1878 1136 1945 dici

254 1986 314 2030 nec
331 1987 410 2050 puer
420 1975 463 2039 ¹ut
480 1964 592 2049 possit:
610 1975 821 2048 neutrumque
839 1974 870 2030 et
889 1975 1059 2049 utrumque
1076 1965 1231 2032 videntur.

188 2068 238 2118 080
255 2071 331 2136 ergo
349 2050 405 2114 ubi
423 2073 457 2116 se
473 2050 626 2133 liquidae,
643 2071 707 2133 quo
724 2049 774 2114 vir
791 2051 1009 2127 descenderat,
1027 2051 1129 2116 undas

256 2135 455 2200 semimarem
472 2135 585 2201 fecisse
602 2136 688 2200 videt
706 2135 889 2220 mollitaque
905 2136 939 2201 in
953 2137 1016 2201 illis
1064 2180 1067 2185 ,

254 2221 412 2298 membra,
429 2243 542 2287 manus
559 2221 691 2287 tendens
710 2218 781 2305 (sed
798 2221 862 2286 iam
878 2242 943 2288 non
959 2243 1037 2289 voce
1054 2222 1151 2308 virili)

255 2306 543 2393 Hermaphroditus
560 2307 605 2371 ait
622 2313 723 2372 “nato
741 2307 814 2372 date
831 2329 964 2373 munera
980 2318 1096 2386 vestro,

255 2405 288 2458 et
303 2404 394 2478 pater
410 2403 442 2457 et
458 2392 617 2541 qenetrim
636 2392 801 2458 amborum
818 2415 935 2459 nomen
952 2394 1095 2460 habenti:

188 2497 237 2547 085
255 2477 398 2561 quisquis
416 2477 447 2541 in
488 2500 523 2542 os
540 2478 644 2543 fontes
661 2478 710 2542 vir
727 2479 861 2556 venerit,
879 2489 971 2545 exeat
987 2478 1061 2544 inde

256 2562 383 2628 semivir
399 2574 430 2629 00
447 2563 539 2628 tactis
557 2563 661 2628 subito
678 2564 841 2629 mollescat
857 2565 891 2628 in
907 2564 1032 2629 undis.’'

255 2662 359 2713 motus
376 2659 508 2731 uterque
525 2670 640 2734 parens
656 2649 724 2713 nati
740 2660 809 2713 rata
825 2649 923 2715 verba
939 2649 1083 2715 biformis

254 2732 331 2799 fecit
348 2745 379 2799 et
401 2732 520 2799 incesto
536 2734 657 2799 fontem
673 2732 882 2800 medicamine
899 2735 1012 2800 tinxit?

296 2819 387 2884 Finis
403 2831 471 2885 erat
488 2818 589 2884 dietis.
633 2820 689 2884 sed
707 2819 812 2885 adhuc
827 2819 972 2906 Minyeia
988 2822 1092 2906 proles

188 2925 238 2976 aaa
256 2916 349 2990 urget
365 2927 445 2991 opus
463 2905 645 2991 spernitque
662 2906 757 2970 deum
774 2905 954 2990 festumque
970 2907 1130 2993 profanat=

255 3004 407 3076 tympana
423 3013 497 3055 cum
513 2990 618 3055 subito
636 3013 700 3055 non
718 2991 902 3077 apparentia
918 2992 1022 3056 raucis

255 3076 459 3162 obstrepuere
477 3076 575 3153 sonis,
593 3086 626 3142 00
643 3077 767 3141 adunco
784 3076 862 3141 tibia
879 3098 977 3142 cornu

254 3160 438 3244 tinnulaque
461 3184 534 3226 aera
556 3172 679 3226 sonant.
722 3162 865 3226 redolent
885 3182 1074 3246 murraeque
1091 3160 1271 3247 crocique3¹

253 3268 367 3330 resque
383 3246 446 3311 fide
463 3246 577 3311 maior:
596 3269 729 3333 coepere
746 3247 900 3312 virescere
918 3248 1010 3323 telae,

187 3352 236 3402 005
254 3331 350 3415 inque
366 3330 503 3396 hederae
519 3331 634 3397 faciem
649 3332 792 3418 pendens
809 3332 1010 3399 frondescere
1026 3333 1133 3398 vestis.

254 3440 328 3502 pars
345 3416 411 3481 abit
427 3417 461 3481 in
478 3415 573 3492 vites,
590 3427 623 3481 et
639 3438 723 3501 quae
739 3418 835 3482 modo
853 3418 906 3481 lila
922 3418 1061 3495 fuerunt,

254 3501 383 3587 palmite
400 3512 577 3579 mutantur3
595 3502 636 3567 de
653 3504 788 3567 stamine
804 3502 972 3588 pampinus
990 3503 1069 3581 exit3

253 3609 395 3671 purpura
411 3588 568 3673 fulgorem
584 3587 676 3672 pictis
695 3588 911 3652 accommodat
927 3588 1008 3653 uvis.

253 3671 380 3753 iamque
398 3673 465 3738 dies
482 3684 611 3738 exactus
630 3684 711 3749 erat,
729 3685 917 3757 tempusque
935 3674 1074 3751 subibat,

186 3776 237 3826 400
255 3757 340 3838 quod
357 3769 392 3821 tu
408 3780 468 3824 nee
485 3758 630 3823 tenebras
646 3780 706 3822 nec
722 3779 832 3843 posses
850 3758 955 3824 dicere
970 3759 1085 3837 lucem,

255 3842 311 3906 sed
329 3863 402 3905 cum
417 3843 488 3907 luce
505 3853 612 3907 tamen
629 3842 745 3908 dubiae
763 3843 898 3907 confinia
914 3843 1031 3909 noctis:

254 3937 337 3990 tecta
353 3937 482 4011 repente
499 3926 586 4009 quati
603 3927 802 4013 pinguesque
819 3931 930 3994 ardere
947 3928 1095 3995 videntur

253 4010 415 4097 lampades
433 4021 465 4076 et
481 4009 582 4076 rutilis
599 4013 759 4096 collucere
772 4013 899 4101 ignibus
917 4014 1012 4083 aedes
1095 4087 1100 4092 υ
