<?xml version="1.0" encoding="UTF-8"?>
<!DOCTYPE html PUBLIC "-//W3C//DTD XHTML 1.0 Transitional//EN"
    "http://www.w3.org/TR/xhtml1/DTD/xhtml1-transitional.dtd">
<html xmlns="http://www.w3.org/1999/xhtml" xml:lang="en" lang="en">
 <head>
  <title>
</title>
<meta http-equiv="Content-Type" content="text/html;charset=utf-8" />
  <meta name='ocr-system' content='tesseract 3.04.00' />
  <meta name='ocr-capabilities' content='ocr_page ocr_carea ocr_par ocr_line ocrx_word'/>
</head>
<body>
  <div class='ocr_page' id='page_1' title='image "./povidiinasonisc00unkngoog_0285.png"; bbox 0 0 2800 4500; ppageno 0'>
   <div class='ocr_carea' id='block_1_1' title="bbox 306 242 1154 320">
    <p class='ocr_par' dir='ltr' id='par_1_1' title="bbox 306 242 1154 320">
     <span class='ocr_line' id='line_1_1' title="bbox 306 242 1154 320; baseline -0.012 0"><span class='ocrx_word' id='word_1_1' title='bbox 306 259 672 320; x_wconf 77' lang='lat' dir='ltr'>METAMORPHOSEON</span> <span class='ocrx_word' id='word_1_2' title='bbox 688 258 762 316; x_wconf 87' lang='lat' dir='ltr'><strong>LIB.</strong></span> <span class='ocrx_word' id='word_1_3' title='bbox 780 257 832 316; x_wconf 88' lang='lat' dir='ltr'>XI.</span> <span class='ocrx_word' id='word_1_4' title='bbox 851 258 979 317; x_wconf 78' lang='lat'><strong>52-139.</strong></span> <span class='ocrx_word' id='word_1_5' title='bbox 1092 242 1154 311; x_wconf 82' lang='grc'>183</span> 
     </span>
    </p>
   </div>
   <div class='ocr_carea' id='block_1_2' title="bbox 74 383 1056 4131">
    <p class='ocr_par' dir='ltr' id='par_1_2' title="bbox 74 383 1056 4131">
     <span class='ocr_line' id='line_1_2' title="bbox 133 383 950 474; baseline -0.006 -21"><span class='ocrx_word' id='word_1_6' title='bbox 133 386 256 474; x_wconf 90' lang='lat' dir='ltr'>perbis</span> <span class='ocrx_word' id='word_1_7' title='bbox 275 386 414 474; x_wconf 92' lang='lat' dir='ltr'>quinque</span> <span class='ocrx_word' id='word_1_8' title='bbox 431 386 498 451; x_wconf 91' lang='lat' dir='ltr'>dies</span> <span class='ocrx_word' id='word_1_9' title='bbox 516 395 548 451; x_wconf 89' lang='lat' dir='ltr'>et</span> <span class='ocrx_word' id='word_1_10' title='bbox 563 385 687 450; x_wconf 91' lang='lat' dir='ltr'>iunctas</span> <span class='ocrx_word' id='word_1_11' title='bbox 705 383 814 449; x_wconf 91' lang='lat' dir='ltr'>ordine</span> <span class='ocrx_word' id='word_1_12' title='bbox 832 393 950 448; x_wconf 87' lang='lat' dir='ltr'>noctes.</span> 
     </span>
     <span class='ocr_line' id='line_1_3' title="bbox 134 471 875 555; baseline -0.008 -16"><span class='ocrx_word' id='word_1_13' title='bbox 134 486 165 539; x_wconf 89' lang='lat' dir='ltr'>et</span> <span class='ocrx_word' id='word_1_14' title='bbox 182 473 246 537; x_wconf 90' lang='lat' dir='ltr'>iam</span> <span class='ocrx_word' id='word_1_15' title='bbox 264 473 425 538; x_wconf 88' lang='lat' dir='ltr'>stellarum</span> <span class='ocrx_word' id='word_1_16' title='bbox 443 471 578 536; x_wconf 90' lang='lat' dir='ltr'>sublime</span> <span class='ocrx_word' id='word_1_17' title='bbox 595 482 743 555; x_wconf 89' lang='lat' dir='ltr'>coegerat</span> <span class='ocrx_word' id='word_1_18' title='bbox 760 491 875 554; x_wconf 83' lang='lat' dir='ltr'>agmen</span> 
     </span>
     <span class='ocr_line' id='line_1_4' title="bbox 134 554 984 641; baseline -0.005 -18"><span class='ocrx_word' id='word_1_19' title='bbox 134 558 267 624; x_wconf 80' lang='lat' dir='ltr'><strong>Lucifer</strong></span> <span class='ocrx_word' id='word_1_20' title='bbox 283 557 483 632; x_wconf 90' lang='lat' dir='ltr'>undecimus,</span> <span class='ocrx_word' id='word_1_21' title='bbox 501 556 613 641; x_wconf 87' lang='lat' dir='ltr'>Lydos</span> <span class='ocrx_word' id='word_1_22' title='bbox 630 575 705 620; x_wconf 89' lang='lat' dir='ltr'>cum</span> <span class='ocrx_word' id='word_1_23' title='bbox 721 555 823 620; x_wconf 86' lang='lat' dir='ltr'>laetus</span> <span class='ocrx_word' id='word_1_24' title='bbox 840 554 874 618; x_wconf 91' lang='lat' dir='ltr'>in</span> <span class='ocrx_word' id='word_1_25' title='bbox 891 576 984 639; x_wconf 85' lang='lat' dir='ltr'>agros</span> 
     </span>
     <span class='ocr_line' id='line_1_5' title="bbox 133 639 904 709; baseline -0.008 -1"><span class='ocrx_word' id='word_1_26' title='bbox 133 666 190 708; x_wconf 88' lang='lat' dir='ltr'>rex</span> <span class='ocrx_word' id='word_1_27' title='bbox 208 642 294 708; x_wconf 90' lang='lat' dir='ltr'>venit</span> <span class='ocrx_word' id='word_1_28' title='bbox 310 653 341 707; x_wconf 91' lang='lat' dir='ltr'>et</span> <span class='ocrx_word' id='word_1_29' title='bbox 357 641 465 707; x_wconf 84' lang='lat' dir='ltr'>iuveni</span> <span class='ocrx_word' id='word_1_30' title='bbox 483 640 627 709; x_wconf 81' lang='lat' dir='ltr'>Silenum</span> <span class='ocrx_word' id='word_1_31' title='bbox 644 639 749 705; x_wconf 85' lang='lat' dir='ltr'>reddit</span> <span class='ocrx_word' id='word_1_32' title='bbox 765 640 904 704; x_wconf 88' lang='lat' dir='ltr'>alumno.</span> 
     </span>
     <span class='ocr_line' id='line_1_6' title="bbox 133 724 921 813; baseline -0.006 -19"><span class='ocrx_word' id='word_1_33' title='bbox 133 730 208 794; x_wconf 88' lang='lat' dir='ltr'>huie</span> <span class='ocrx_word' id='word_1_34' title='bbox 225 728 304 794; x_wconf 90' lang='lat' dir='ltr'>deus</span> <span class='ocrx_word' id='word_1_35' title='bbox 321 727 451 813; x_wconf 85' lang='lat' dir='ltr'>optandi</span> <span class='ocrx_word' id='word_1_36' title='bbox 468 737 609 812; x_wconf 87' lang='lat' dir='ltr'>gratum,</span> <span class='ocrx_word' id='word_1_37' title='bbox 627 725 684 791; x_wconf 87' lang='lat' dir='ltr'>sed</span> <span class='ocrx_word' id='word_1_38' title='bbox 701 724 827 802; x_wconf 90' lang='lat' dir='ltr'>inutile,</span> <span class='ocrx_word' id='word_1_39' title='bbox 845 724 921 790; x_wconf 84' lang='lat' dir='ltr'>fecit</span> 
     </span>
     <span class='ocr_line' id='line_1_7' title="bbox 134 811 904 897; baseline -0.005 -19"><span class='ocrx_word' id='word_1_40' title='bbox 134 813 274 879; x_wconf 86' lang='lat' dir='ltr'>muneris</span> <span class='ocrx_word' id='word_1_41' title='bbox 291 812 471 888; x_wconf 79' lang='lat' dir='ltr'>arbitrium,</span> <span class='ocrx_word' id='word_1_42' title='bbox 488 812 633 897; x_wconf 88' lang='lat' dir='ltr'>gaudens</span> <span class='ocrx_word' id='word_1_43' title='bbox 650 811 750 875; x_wconf 88' lang='lat' dir='ltr'>altore</span> <span class='ocrx_word' id='word_1_44' title='bbox 766 820 904 895; x_wconf 90' lang='lat' dir='ltr'>recepto.</span> 
     </span>
     <span class='ocr_line' id='line_1_8' title="bbox 132 894 924 978; baseline -0.006 -15"><span class='ocrx_word' id='word_1_45' title='bbox 132 899 199 975; x_wconf 91' lang='lat' dir='ltr'>ille,</span> <span class='ocrx_word' id='word_1_46' title='bbox 216 898 300 964; x_wconf 88' lang='lat' dir='ltr'>male</span> <span class='ocrx_word' id='word_1_47' title='bbox 316 895 432 963; x_wconf 85' lang='lat' dir='ltr'>us&#39;urus</span> <span class='ocrx_word' id='word_1_48' title='bbox 450 896 554 973; x_wconf 88' lang='lat' dir='ltr'>donis,</span> <span class='ocrx_word' id='word_1_49' title='bbox 572 896 617 962; x_wconf 92' lang='lat' dir='ltr'>ait</span> <span class='ocrx_word' id='word_1_50' title='bbox 634 894 754 972; x_wconf 89' lang='lat' dir='ltr'>‘effioe,</span> <span class='ocrx_word' id='word_1_51' title='bbox 772 895 924 978; x_wconf 91' lang='lat' dir='ltr'>quicquid</span> 
     </span>
     <span class='ocr_line' id='line_1_9' title="bbox 134 979 983 1069; baseline -0.006 -20"><span class='ocrx_word' id='word_1_52' title='bbox 134 1005 265 1069; x_wconf 85' lang='lat' dir='ltr'>corpore</span> <span class='ocrx_word' id='word_1_53' title='bbox 282 983 455 1069; x_wconf 82' lang='lat' dir='ltr'>contigero,</span> <span class='ocrx_word' id='word_1_54' title='bbox 472 981 597 1046; x_wconf 82' lang='lat' dir='ltr'>fulvum</span> <span class='ocrx_word' id='word_1_55' title='bbox 614 991 754 1047; x_wconf 89' lang='lat' dir='ltr'>vertatur</span> <span class='ocrx_word' id='word_1_56' title='bbox 770 980 804 1044; x_wconf 90' lang='lat' dir='ltr'>in</span> <span class='ocrx_word' id='word_1_57' title='bbox 821 979 954 1045; x_wconf 66' lang='lat' dir='ltr'>aurum!</span> <span class='ocrx_word' id='word_1_58' title='bbox 979 1007 983 1013; x_wconf 88' lang='lat'>·</span> 
     </span>
     <span class='ocr_line' id='line_1_10' title="bbox 134 1065 860 1154; baseline -0.006 -20"><span class='ocrx_word' id='word_1_59' title='bbox 134 1067 245 1134; x_wconf 86' lang='lat' dir='ltr'>adnuit</span> <span class='ocrx_word' id='word_1_60' title='bbox 262 1070 377 1154; x_wconf 88' lang='lat' dir='ltr'>optatis</span> <span class='ocrx_word' id='word_1_61' title='bbox 394 1067 600 1151; x_wconf 82' lang='lat' dir='ltr'>nocituraque</span> <span class='ocrx_word' id='word_1_62' title='bbox 617 1088 751 1132; x_wconf 90' lang='lat' dir='ltr'>munera</span> <span class='ocrx_word' id='word_1_63' title='bbox 767 1065 860 1131; x_wconf 88' lang='lat' dir='ltr'>solvit</span> 
     </span>
     <span class='ocr_line' id='line_1_11' title="bbox 133 1150 946 1236; baseline -0.005 -18"><span class='ocrx_word' id='word_1_64' title='bbox 133 1154 243 1231; x_wconf 89' lang='lat' dir='ltr'>Liber,</span> <span class='ocrx_word' id='word_1_65' title='bbox 259 1164 293 1219; x_wconf 89' lang='lat' dir='ltr'>et</span> <span class='ocrx_word' id='word_1_66' title='bbox 309 1153 457 1230; x_wconf 91' lang='lat' dir='ltr'>indoluit,</span> <span class='ocrx_word' id='word_1_67' title='bbox 474 1152 561 1236; x_wconf 92' lang='lat' dir='ltr'>quod</span> <span class='ocrx_word' id='word_1_68' title='bbox 577 1174 641 1217; x_wconf 89' lang='lat' dir='ltr'>non</span> <span class='ocrx_word' id='word_1_69' title='bbox 658 1150 790 1216; x_wconf 83' lang='lat' dir='ltr'>meliora</span> <span class='ocrx_word' id='word_1_70' title='bbox 806 1150 946 1236; x_wconf 83' lang='lat' dir='ltr'>petisset.</span> 
     </span>
     <span class='ocr_line' id='line_1_12' title="bbox 74 1234 971 1323; baseline 0.001 -24"><span class='ocrx_word' id='word_1_71' title='bbox 74 1260 115 1299; x_wconf 50' lang='lat' dir='ltr'><strong>w</strong></span> <span class='ocrx_word' id='word_1_72' title='bbox 133 1239 234 1304; x_wconf 90' lang='lat' dir='ltr'>laetus</span> <span class='ocrx_word' id='word_1_73' title='bbox 252 1238 319 1302; x_wconf 90' lang='lat' dir='ltr'>abit</span> <span class='ocrx_word' id='word_1_74' title='bbox 335 1238 517 1323; x_wconf 82' lang='lat' dir='ltr'>gaudetque</span> <span class='ocrx_word' id='word_1_75' title='bbox 533 1237 618 1301; x_wconf 89' lang='lat' dir='ltr'>malo</span> <span class='ocrx_word' id='word_1_76' title='bbox 635 1235 845 1322; x_wconf 81' lang='lat' dir='ltr'>Berecyntius</span> <span class='ocrx_word' id='word_1_77' title='bbox 863 1234 971 1301; x_wconf 76' lang='lat' dir='ltr'>herosr</span> 
     </span>
     <span class='ocr_line' id='line_1_13' title="bbox 132 1321 921 1423; baseline -0.005 -34"><span class='ocrx_word' id='word_1_78' title='bbox 132 1321 326 1423; x_wconf 58' lang='lat' dir='ltr'>pollicitique</span> <span class='ocrx_word' id='word_1_79' title='bbox 342 1323 439 1388; x_wconf 91' lang='lat' dir='ltr'>fidem</span> <span class='ocrx_word' id='word_1_80' title='bbox 456 1322 617 1408; x_wconf 86' lang='lat' dir='ltr'>tangendo</span> <span class='ocrx_word' id='word_1_81' title='bbox 635 1321 761 1407; x_wconf 90' lang='lat' dir='ltr'>singula</span> <span class='ocrx_word' id='word_1_82' title='bbox 776 1331 921 1407; x_wconf 89' lang='lat' dir='ltr'>temptat.</span> 
     </span>
     <span class='ocr_line' id='line_1_14' title="bbox 133 1406 956 1494; baseline -0.005 -20"><span class='ocrx_word' id='word_1_83' title='bbox 133 1408 251 1494; x_wconf 89' lang='lat' dir='ltr'>vixque</span> <span class='ocrx_word' id='word_1_84' title='bbox 269 1408 328 1473; x_wconf 88' lang='lat' dir='ltr'>sibi</span> <span class='ocrx_word' id='word_1_85' title='bbox 346 1409 491 1483; x_wconf 89' lang='lat' dir='ltr'>credens,</span> <span class='ocrx_word' id='word_1_86' title='bbox 508 1427 573 1472; x_wconf 89' lang='lat' dir='ltr'>non</span> <span class='ocrx_word' id='word_1_87' title='bbox 590 1407 655 1471; x_wconf 88' lang='lat' dir='ltr'>alta</span> <span class='ocrx_word' id='word_1_88' title='bbox 670 1407 784 1472; x_wconf 88' lang='lat' dir='ltr'>fronde</span> <span class='ocrx_word' id='word_1_89' title='bbox 801 1406 956 1472; x_wconf 80' lang='lat' dir='ltr'>viremem</span> 
     </span>
     <span class='ocr_line' id='line_1_15' title="bbox 132 1491 912 1579; baseline -0.004 -19"><span class='ocrx_word' id='word_1_90' title='bbox 132 1494 203 1560; x_wconf 88' lang='lat' dir='ltr'>ilice</span> <span class='ocrx_word' id='word_1_91' title='bbox 220 1492 356 1559; x_wconf 87' lang='lat' dir='ltr'>detraxit</span> <span class='ocrx_word' id='word_1_92' title='bbox 372 1493 512 1579; x_wconf 86' lang='lat' dir='ltr'>virgam:</span> <span class='ocrx_word' id='word_1_93' title='bbox 529 1491 622 1578; x_wconf 86' lang='lat' dir='ltr'>virga</span> <span class='ocrx_word' id='word_1_94' title='bbox 638 1514 736 1557; x_wconf 88' lang='lat' dir='ltr'>aurea</span> <span class='ocrx_word' id='word_1_95' title='bbox 752 1492 838 1557; x_wconf 88' lang='lat' dir='ltr'>facta</span> <span class='ocrx_word' id='word_1_96' title='bbox 854 1503 912 1557; x_wconf 89' lang='lat' dir='ltr'>est.</span> 
     </span>
     <span class='ocr_line' id='line_1_16' title="bbox 133 1577 985 1662; baseline -0.002 -18"><span class='ocrx_word' id='word_1_97' title='bbox 133 1579 214 1644; x_wconf 90' lang='lat' dir='ltr'>tollit</span> <span class='ocrx_word' id='word_1_98' title='bbox 231 1579 328 1644; x_wconf 91' lang='lat' dir='ltr'>humo</span> <span class='ocrx_word' id='word_1_99' title='bbox 346 1601 474 1643; x_wconf 86' lang='lat' dir='ltr'>saxum:</span> <span class='ocrx_word' id='word_1_100' title='bbox 493 1601 605 1643; x_wconf 87' lang='lat' dir='ltr'>saxum</span> <span class='ocrx_word' id='word_1_101' title='bbox 622 1598 751 1661; x_wconf 89' lang='lat' dir='ltr'>quoque</span> <span class='ocrx_word' id='word_1_102' title='bbox 767 1577 880 1662; x_wconf 90' lang='lat' dir='ltr'>palluit</span> <span class='ocrx_word' id='word_1_103' title='bbox 897 1599 985 1642; x_wconf 85' lang='lat' dir='ltr'>auro.</span> 
     </span>
     <span class='ocr_line' id='line_1_17' title="bbox 133 1662 929 1751; baseline -0.003 -22"><span class='ocrx_word' id='word_1_104' title='bbox 133 1664 265 1751; x_wconf 85' lang='lat' dir='ltr'>contigit</span> <span class='ocrx_word' id='word_1_105' title='bbox 282 1674 314 1728; x_wconf 90' lang='lat' dir='ltr'>et</span> <span class='ocrx_word' id='word_1_106' title='bbox 330 1664 492 1749; x_wconf 86' lang='lat' dir='ltr'>glaebam:</span> <span class='ocrx_word' id='word_1_107' title='bbox 511 1673 659 1729; x_wconf 90' lang='lat' dir='ltr'>contactu</span> <span class='ocrx_word' id='word_1_108' title='bbox 675 1662 791 1747; x_wconf 86' lang='lat' dir='ltr'>glaeba</span> <span class='ocrx_word' id='word_1_109' title='bbox 807 1662 929 1748; x_wconf 91' lang='lat' dir='ltr'>potenti</span> 
     </span>
     <span class='ocr_line' id='line_1_18' title="bbox 131 1745 929 1833; baseline -0.003 -19"><span class='ocrx_word' id='word_1_110' title='bbox 131 1772 237 1815; x_wconf 89' lang='lat' dir='ltr'>massa</span> <span class='ocrx_word' id='word_1_111' title='bbox 253 1748 299 1813; x_wconf 85' lang='lat' dir='ltr'>fit.</span> <span class='ocrx_word' id='word_1_112' title='bbox 343 1760 467 1814; x_wconf 90' lang='lat' dir='ltr'>arentes</span> <span class='ocrx_word' id='word_1_113' title='bbox 485 1745 611 1814; x_wconf 87' lang='lat' dir='ltr'>Cereris</span> <span class='ocrx_word' id='word_1_114' title='bbox 629 1746 787 1833; x_wconf 82' lang='lat' dir='ltr'>decerpsit</span> <span class='ocrx_word' id='word_1_115' title='bbox 804 1747 929 1813; x_wconf 89' lang='lat' dir='ltr'>aristas:</span> 
     </span>
     <span class='ocr_line' id='line_1_19' title="bbox 132 1832 1056 1919; baseline -0.002 -20"><span class='ocrx_word' id='word_1_116' title='bbox 132 1857 229 1901; x_wconf 88' lang='lat' dir='ltr'>aurea</span> <span class='ocrx_word' id='word_1_117' title='bbox 246 1834 357 1899; x_wconf 90' lang='lat' dir='ltr'>messis</span> <span class='ocrx_word' id='word_1_118' title='bbox 375 1846 451 1899; x_wconf 88' lang='lat' dir='ltr'>erat.</span> <span class='ocrx_word' id='word_1_119' title='bbox 495 1834 660 1919; x_wconf 92' lang='lat' dir='ltr'>demptum</span> <span class='ocrx_word' id='word_1_120' title='bbox 677 1844 764 1898; x_wconf 89' lang='lat' dir='ltr'>tenet</span> <span class='ocrx_word' id='word_1_121' title='bbox 781 1832 893 1897; x_wconf 90' lang='lat' dir='ltr'>arbore</span> <span class='ocrx_word' id='word_1_122' title='bbox 909 1854 1056 1918; x_wconf 83' lang='lat' dir='ltr'>pomum:</span> 
     </span>
     <span class='ocr_line' id='line_1_20' title="bbox 132 1917 921 2007; baseline -0.004 -22"><span class='ocrx_word' id='word_1_123' title='bbox 132 1919 328 2007; x_wconf 80' lang='lat' dir='ltr'>Hesperidas</span> <span class='ocrx_word' id='word_1_124' title='bbox 345 1919 480 1984; x_wconf 89' lang='lat' dir='ltr'>donasse</span> <span class='ocrx_word' id='word_1_125' title='bbox 496 1928 600 2004; x_wconf 83' lang='lat' dir='ltr'>putes.</span> <span class='ocrx_word' id='word_1_126' title='bbox 644 1918 671 1982; x_wconf 90' lang='lat' dir='ltr'>si</span> <span class='ocrx_word' id='word_1_127' title='bbox 687 1917 831 2002; x_wconf 90' lang='lat' dir='ltr'>postibus</span> <span class='ocrx_word' id='word_1_128' title='bbox 849 1917 921 1983; x_wconf 86' lang='lat' dir='ltr'>altis</span> 
     </span>
     <span class='ocr_line' id='line_1_21' title="bbox 76 2001 861 2104; baseline -0.005 -35"><span class='ocrx_word' id='word_1_129' title='bbox 76 2039 112 2076; x_wconf 43' lang='lat' dir='ltr'>a&gt;</span> <span class='ocrx_word' id='word_1_130' title='bbox 132 2004 274 2069; x_wconf 86' lang='lat' dir='ltr'>admovit</span> <span class='ocrx_word' id='word_1_131' title='bbox 291 2003 421 2104; x_wconf 86' lang='lat' dir='ltr'>digitos,</span> <span class='ocrx_word' id='word_1_132' title='bbox 440 2016 546 2088; x_wconf 90' lang='lat' dir='ltr'>postes</span> <span class='ocrx_word' id='word_1_133' title='bbox 563 2002 686 2067; x_wconf 86' lang='lat' dir='ltr'>radiare</span> <span class='ocrx_word' id='word_1_134' title='bbox 704 2001 861 2067; x_wconf 85' lang='lat' dir='ltr'>videntur.</span> 
     </span>
     <span class='ocr_line' id='line_1_22' title="bbox 131 2086 912 2173; baseline -0.004 -20"><span class='ocrx_word' id='word_1_135' title='bbox 131 2090 185 2155; x_wconf 93' lang='lat' dir='ltr'>ille</span> <span class='ocrx_word' id='word_1_136' title='bbox 202 2089 298 2155; x_wconf 90' lang='lat' dir='ltr'>etiam</span> <span class='ocrx_word' id='word_1_137' title='bbox 314 2087 441 2171; x_wconf 89' lang='lat' dir='ltr'>hquidis</span> <span class='ocrx_word' id='word_1_138' title='bbox 458 2087 580 2173; x_wconf 89' lang='lat' dir='ltr'>palmas</span> <span class='ocrx_word' id='word_1_139' title='bbox 597 2087 653 2151; x_wconf 92' lang='lat' dir='ltr'>ubi</span> <span class='ocrx_word' id='word_1_140' title='bbox 670 2086 792 2151; x_wconf 88' lang='lat' dir='ltr'>laverat</span> <span class='ocrx_word' id='word_1_141' title='bbox 808 2086 912 2164; x_wconf 90' lang='lat' dir='ltr'>undis,</span> 
     </span>
     <span class='ocr_line' id='line_1_23' title="bbox 132 2170 899 2258; baseline -0.004 -19"><span class='ocrx_word' id='word_1_142' title='bbox 132 2173 219 2239; x_wconf 90' lang='lat' dir='ltr'>unda</span> <span class='ocrx_word' id='word_1_143' title='bbox 235 2173 337 2239; x_wconf 88' lang='lat' dir='ltr'>fluens</span> <span class='ocrx_word' id='word_1_144' title='bbox 354 2172 467 2258; x_wconf 88' lang='lat' dir='ltr'>palmis</span> <span class='ocrx_word' id='word_1_145' title='bbox 484 2170 621 2236; x_wconf 82' lang='lat' dir='ltr'>Dana‘e‘n</span> <span class='ocrx_word' id='word_1_146' title='bbox 639 2170 766 2236; x_wconf 90' lang='lat' dir='ltr'>eludere</span> <span class='ocrx_word' id='word_1_147' title='bbox 783 2182 899 2258; x_wconf 87' lang='lat' dir='ltr'>posset.</span> 
     </span>
     <span class='ocr_line' id='line_1_24' title="bbox 132 2257 950 2345; baseline -0.001 -21"><span class='ocrx_word' id='word_1_148' title='bbox 132 2260 187 2324; x_wconf 85' lang='lat' dir='ltr'>vix</span> <span class='ocrx_word' id='word_1_149' title='bbox 204 2281 277 2345; x_wconf 89' lang='lat' dir='ltr'>spes</span> <span class='ocrx_word' id='word_1_150' title='bbox 294 2257 363 2344; x_wconf 88' lang='lat' dir='ltr'>ipse</span> <span class='ocrx_word' id='word_1_151' title='bbox 380 2280 454 2323; x_wconf 88' lang='lat' dir='ltr'>suas</span> <span class='ocrx_word' id='word_1_152' title='bbox 472 2257 578 2323; x_wconf 88' lang='lat' dir='ltr'>animo</span> <span class='ocrx_word' id='word_1_153' title='bbox 595 2257 694 2344; x_wconf 88' lang='lat' dir='ltr'>capit,</span> <span class='ocrx_word' id='word_1_154' title='bbox 712 2279 809 2322; x_wconf 89' lang='lat' dir='ltr'>aurea</span> <span class='ocrx_word' id='word_1_155' title='bbox 825 2257 950 2342; x_wconf 88' lang='lat' dir='ltr'>fingens</span> 
     </span>
     <span class='ocr_line' id='line_1_25' title="bbox 132 2342 891 2429; baseline -0.001 -21"><span class='ocrx_word' id='word_1_156' title='bbox 132 2344 247 2409; x_wconf 88' lang='lat' dir='ltr'>omnia.</span> <span class='ocrx_word' id='word_1_157' title='bbox 291 2342 445 2429; x_wconf 87' lang='lat' dir='ltr'>gaudenti</span> <span class='ocrx_word' id='word_1_158' title='bbox 460 2365 585 2410; x_wconf 85' lang='lat' dir='ltr'>mensas</span> <span class='ocrx_word' id='word_1_159' title='bbox 603 2364 739 2428; x_wconf 89' lang='lat' dir='ltr'>posuere</span> <span class='ocrx_word' id='word_1_160' title='bbox 757 2342 891 2407; x_wconf 90' lang='lat' dir='ltr'>ministri</span> 
     </span>
     <span class='ocr_line' id='line_1_26' title="bbox 132 2427 915 2514; baseline -0.003 -20"><span class='ocrx_word' id='word_1_161' title='bbox 132 2439 291 2494; x_wconf 84' lang='lat' dir='ltr'>extructas</span> <span class='ocrx_word' id='word_1_162' title='bbox 309 2427 444 2514; x_wconf 85' lang='lat' dir='ltr'>dapibus</span> <span class='ocrx_word' id='word_1_163' title='bbox 461 2450 521 2494; x_wconf 88' lang='lat' dir='ltr'>nec</span> <span class='ocrx_word' id='word_1_164' title='bbox 539 2438 639 2493; x_wconf 88' lang='lat' dir='ltr'>tostae</span> <span class='ocrx_word' id='word_1_165' title='bbox 656 2428 758 2513; x_wconf 82' lang='lat' dir='ltr'>frugis</span> <span class='ocrx_word' id='word_1_166' title='bbox 775 2439 915 2513; x_wconf 87' lang='lat' dir='ltr'>egentes.</span> 
     </span>
     <span class='ocr_line' id='line_1_27' title="bbox 132 2510 832 2592; baseline -0.006 -11"><span class='ocrx_word' id='word_1_167' title='bbox 132 2527 201 2581; x_wconf 89' lang='lat' dir='ltr'>turn</span> <span class='ocrx_word' id='word_1_168' title='bbox 218 2536 308 2592; x_wconf 89' lang='lat' dir='ltr'>vero,</span> <span class='ocrx_word' id='word_1_169' title='bbox 327 2515 393 2580; x_wconf 88' lang='lat' dir='ltr'>sive</span> <span class='ocrx_word' id='word_1_170' title='bbox 410 2513 463 2580; x_wconf 91' lang='lat' dir='ltr'>ille</span> <span class='ocrx_word' id='word_1_171' title='bbox 480 2536 539 2578; x_wconf 90' lang='lat' dir='ltr'>sua</span> <span class='ocrx_word' id='word_1_172' title='bbox 557 2510 704 2579; x_wconf 81' lang='lat' dir='ltr'>Cerealia</span> <span class='ocrx_word' id='word_1_173' title='bbox 720 2512 832 2577; x_wconf 87' lang='lat' dir='ltr'>dextra</span> 
     </span>
     <span class='ocr_line' id='line_1_28' title="bbox 131 2595 913 2700; baseline -0.003 -35"><span class='ocrx_word' id='word_1_174' title='bbox 131 2622 264 2666; x_wconf 91' lang='lat' dir='ltr'>munera</span> <span class='ocrx_word' id='word_1_175' title='bbox 281 2599 470 2700; x_wconf 88' lang='lat' dir='ltr'>contigerat,</span> <span class='ocrx_word' id='word_1_176' title='bbox 489 2595 634 2664; x_wconf 82' lang='lat' dir='ltr'>Cerealia</span> <span class='ocrx_word' id='word_1_177' title='bbox 650 2598 736 2664; x_wconf 88' lang='lat' dir='ltr'>dona</span> <span class='ocrx_word' id='word_1_178' title='bbox 752 2598 913 2684; x_wconf 79' lang='lat' dir='ltr'>rigebant:</span> 
     </span>
     <span class='ocr_line' id='line_1_29' title="bbox 131 2683 890 2771; baseline -0.004 -21"><span class='ocrx_word' id='word_1_179' title='bbox 131 2686 198 2751; x_wconf 90' lang='lat' dir='ltr'>sive</span> <span class='ocrx_word' id='word_1_180' title='bbox 215 2686 313 2771; x_wconf 89' lang='lat' dir='ltr'>dapes</span> <span class='ocrx_word' id='word_1_181' title='bbox 330 2685 424 2750; x_wconf 83' lang='lat' dir='ltr'>audo</span> <span class='ocrx_word' id='word_1_182' title='bbox 442 2684 617 2749; x_wconf 84' lang='lat' dir='ltr'>convellere</span> <span class='ocrx_word' id='word_1_183' title='bbox 634 2683 729 2750; x_wconf 89' lang='lat' dir='ltr'>dente</span> <span class='ocrx_word' id='word_1_184' title='bbox 746 2684 890 2770; x_wconf 87' lang='lat' dir='ltr'>parabat,</span> 
     </span>
     <span class='ocr_line' id='line_1_30' title="bbox 130 2768 979 2855; baseline 0 -20"><span class='ocrx_word' id='word_1_185' title='bbox 130 2770 282 2835; x_wconf 89' lang='lat' dir='ltr'>lammina</span> <span class='ocrx_word' id='word_1_186' title='bbox 298 2770 387 2834; x_wconf 86' lang='lat' dir='ltr'>fulva</span> <span class='ocrx_word' id='word_1_187' title='bbox 403 2769 515 2855; x_wconf 89' lang='lat' dir='ltr'>dapes,</span> <span class='ocrx_word' id='word_1_188' title='bbox 534 2768 661 2834; x_wconf 88' lang='lat' dir='ltr'>admoto</span> <span class='ocrx_word' id='word_1_189' title='bbox 678 2769 787 2846; x_wconf 91' lang='lat' dir='ltr'>dente,</span> <span class='ocrx_word' id='word_1_190' title='bbox 827 2769 979 2836; x_wconf 88' lang='lat' dir='ltr'>remebat.</span> 
     </span>
     <span class='ocr_line' id='line_1_31' title="bbox 130 2852 863 2940; baseline -0.003 -20"><span class='ocrx_word' id='word_1_191' title='bbox 130 2855 300 2920; x_wconf 88' lang='lat' dir='ltr'>miscuerat</span> <span class='ocrx_word' id='word_1_192' title='bbox 315 2855 404 2940; x_wconf 89' lang='lat' dir='ltr'>puris</span> <span class='ocrx_word' id='word_1_193' title='bbox 422 2865 582 2919; x_wconf 89' lang='lat' dir='ltr'>auctorem</span> <span class='ocrx_word' id='word_1_194' title='bbox 598 2852 739 2919; x_wconf 89' lang='lat' dir='ltr'>muneris</span> <span class='ocrx_word' id='word_1_195' title='bbox 755 2876 799 2918; x_wconf 90' lang='lat' dir='ltr'>un</span> <span class='ocrx_word' id='word_1_196' title='bbox 823 2854 863 2918; x_wconf 79' lang='lat' dir='ltr'>&#39;sz</span> 
     </span>
     <span class='ocr_line' id='line_1_32' title="bbox 130 2938 835 3025; baseline 0 -21"><span class='ocrx_word' id='word_1_197' title='bbox 130 2940 225 3004; x_wconf 82' lang='lat' dir='ltr'>fusile</span> <span class='ocrx_word' id='word_1_198' title='bbox 242 2962 299 3025; x_wconf 89' lang='lat' dir='ltr'>per</span> <span class='ocrx_word' id='word_1_199' title='bbox 315 2939 413 3004; x_wconf 89' lang='lat' dir='ltr'>rictus</span> <span class='ocrx_word' id='word_1_200' title='bbox 431 2961 544 3003; x_wconf 91' lang='lat' dir='ltr'>aurum</span> <span class='ocrx_word' id='word_1_201' title='bbox 559 2938 684 3004; x_wconf 86' lang='lat' dir='ltr'>fluitare</span> <span class='ocrx_word' id='word_1_202' title='bbox 701 2938 835 3004; x_wconf 89' lang='lat' dir='ltr'>videres.</span> 
     </span>
     <span class='ocr_line' id='line_1_33' title="bbox 132 3023 902 3108; baseline 0 -19"><span class='ocrx_word' id='word_1_203' title='bbox 132 3024 283 3089; x_wconf 89' lang='lat' dir='ltr'>attonitus</span> <span class='ocrx_word' id='word_1_204' title='bbox 300 3024 439 3091; x_wconf 84' lang='lat' dir='ltr'>novitate</span> <span class='ocrx_word' id='word_1_205' title='bbox 455 3023 546 3100; x_wconf 90' lang='lat' dir='ltr'>mali,</span> <span class='ocrx_word' id='word_1_206' title='bbox 564 3024 716 3108; x_wconf 90' lang='lat' dir='ltr'>divesque</span> <span class='ocrx_word' id='word_1_207' title='bbox 733 3024 902 3108; x_wconf 86' lang='lat' dir='ltr'>miserque,</span> 
     </span>
     <span class='ocr_line' id='line_1_34' title="bbox 132 3107 1003 3195; baseline 0.001 -22"><span class='ocrx_word' id='word_1_208' title='bbox 132 3107 274 3195; x_wconf 86' lang='lat' dir='ltr'>effugere</span> <span class='ocrx_word' id='word_1_209' title='bbox 291 3120 381 3193; x_wconf 89' lang='lat' dir='ltr'>optat</span> <span class='ocrx_word' id='word_1_210' title='bbox 397 3131 488 3194; x_wconf 92' lang='lat' dir='ltr'>opes,</span> <span class='ocrx_word' id='word_1_211' title='bbox 505 3119 535 3173; x_wconf 90' lang='lat' dir='ltr'>et</span> <span class='ocrx_word' id='word_1_212' title='bbox 553 3129 636 3192; x_wconf 89' lang='lat' dir='ltr'>quae</span> <span class='ocrx_word' id='word_1_213' title='bbox 652 3108 748 3173; x_wconf 89' lang='lat' dir='ltr'>modo</span> <span class='ocrx_word' id='word_1_214' title='bbox 764 3120 909 3186; x_wconf 82' lang='lat' dir='ltr'>voverat,</span> <span class='ocrx_word' id='word_1_215' title='bbox 927 3108 1003 3175; x_wconf 81' lang='lat' dir='ltr'>odit.</span> 
     </span>
     <span class='ocr_line' id='line_1_35' title="bbox 132 3192 933 3294; baseline 0.002 -37"><span class='ocrx_word' id='word_1_216' title='bbox 132 3194 224 3294; x_wconf 89' lang='lat' dir='ltr'>copia</span> <span class='ocrx_word' id='word_1_217' title='bbox 240 3193 330 3258; x_wconf 90' lang='lat' dir='ltr'>nulla·</span> <span class='ocrx_word' id='word_1_218' title='bbox 344 3194 461 3259; x_wconf 87' lang='lat' dir='ltr'>famem</span> <span class='ocrx_word' id='word_1_219' title='bbox 479 3194 612 3271; x_wconf 84' lang='lat' dir='ltr'>relevat,</span> <span class='ocrx_word' id='word_1_220' title='bbox 630 3192 698 3259; x_wconf 88' lang='lat' dir='ltr'>sitis</span> <span class='ocrx_word' id='word_1_221' title='bbox 716 3193 806 3259; x_wconf 90' lang='lat' dir='ltr'>arida</span> <span class='ocrx_word' id='word_1_222' title='bbox 821 3205 933 3279; x_wconf 89' lang='lat' dir='ltr'>guttur</span> 
     </span>
     <span class='ocr_line' id='line_1_36' title="bbox 131 3278 872 3362; baseline 0.001 -20"><span class='ocrx_word' id='word_1_223' title='bbox 131 3289 210 3355; x_wconf 87' lang='lat' dir='ltr'>unt,</span> <span class='ocrx_word' id='word_1_224' title='bbox 228 3290 260 3344; x_wconf 92' lang='lat' dir='ltr'>et</span> <span class='ocrx_word' id='word_1_225' title='bbox 276 3278 378 3343; x_wconf 89' lang='lat' dir='ltr'>inviso</span> <span class='ocrx_word' id='word_1_226' title='bbox 395 3279 525 3344; x_wconf 87' lang='lat' dir='ltr'>moritus</span> <span class='ocrx_word' id='word_1_227' title='bbox 544 3289 708 3362; x_wconf 89' lang='lat' dir='ltr'>torquetur</span> <span class='ocrx_word' id='word_1_228' title='bbox 725 3278 766 3344; x_wconf 94' lang='lat' dir='ltr'>ab</span> <span class='ocrx_word' id='word_1_229' title='bbox 784 3301 872 3344; x_wconf 89' lang='lat' dir='ltr'>auro.</span> 
     </span>
     <span class='ocr_line' id='line_1_37' title="bbox 131 3363 1034 3449; baseline 0.002 -22"><span class='ocrx_word' id='word_1_230' title='bbox 131 3363 173 3427; x_wconf 92' lang='lat' dir='ltr'>ad</span> <span class='ocrx_word' id='word_1_231' title='bbox 191 3363 376 3447; x_wconf 90' lang='lat' dir='ltr'>caelumque</span> <span class='ocrx_word' id='word_1_232' title='bbox 393 3386 506 3428; x_wconf 89' lang='lat' dir='ltr'>manus</span> <span class='ocrx_word' id='word_1_233' title='bbox 524 3373 556 3428; x_wconf 90' lang='lat' dir='ltr'>et</span> <span class='ocrx_word' id='word_1_234' title='bbox 573 3364 739 3449; x_wconf 88' lang='lat' dir='ltr'>splendida</span> <span class='ocrx_word' id='word_1_235' title='bbox 755 3364 904 3430; x_wconf 89' lang='lat' dir='ltr'>bracchia</span> <span class='ocrx_word' id='word_1_236' title='bbox 920 3365 1034 3429; x_wconf 90' lang='lat' dir='ltr'>tollens</span> 
     </span>
     <span class='ocr_line' id='line_1_38' title="bbox 132 3447 975 3534; baseline 0.002 -23"><span class='ocrx_word' id='word_1_237' title='bbox 132 3447 188 3512; x_wconf 89' lang='lat' dir='ltr'>‘da</span> <span class='ocrx_word' id='word_1_238' title='bbox 204 3447 346 3523; x_wconf 89' lang='lat' dir='ltr'>veniam,</span> <span class='ocrx_word' id='word_1_239' title='bbox 363 3447 493 3513; x_wconf 88' lang='lat' dir='ltr'>Lenaee</span> <span class='ocrx_word' id='word_1_240' title='bbox 510 3448 614 3534; x_wconf 82' lang='lat' dir='ltr'>pater!</span> <span class='ocrx_word' id='word_1_241' title='bbox 632 3449 854 3534; x_wconf 84' lang='lat' dir='ltr'>peccavimus,&#39;</span> <span class='ocrx_word' id='word_1_242' title='bbox 871 3449 975 3532; x_wconf 92' lang='lat' dir='ltr'>inquit</span> 
     </span>
     <span class='ocr_line' id='line_1_39' title="bbox 132 3533 1002 3618; baseline 0.001 -22"><span class='ocrx_word' id='word_1_243' title='bbox 132 3533 203 3597; x_wconf 88' lang='lat' dir='ltr'>‘sed</span> <span class='ocrx_word' id='word_1_244' title='bbox 219 3533 382 3610; x_wconf 91' lang='lat' dir='ltr'>miserere,</span> <span class='ocrx_word' id='word_1_245' title='bbox 399 3554 521 3618; x_wconf 88' lang='lat' dir='ltr'>precor,</span> <span class='ocrx_word' id='word_1_246' title='bbox 540 3556 554 3598; x_wconf 89' lang='lat' dir='ltr'>s</span> <span class='ocrx_word' id='word_1_247' title='bbox 577 3533 746 3617; x_wconf 90' lang='lat' dir='ltr'>eciosoque</span> <span class='ocrx_word' id='word_1_248' title='bbox 763 3534 808 3600; x_wconf 89' lang='lat' dir='ltr'>eri</span> <span class='ocrx_word' id='word_1_249' title='bbox 831 3556 849 3599; x_wconf 91' lang='lat' dir='ltr'>e</span> <span class='ocrx_word' id='word_1_250' title='bbox 867 3534 1002 3599; x_wconf 63' lang='lat' dir='ltr'>damno?</span> 
     </span>
     <span class='ocr_line' id='line_1_40' title="bbox 130 3555 953 3704; baseline 0.002 -23"><span class='ocrx_word' id='word_1_251' title='bbox 130 3617 206 3683; x_wconf 86' lang='lat' dir='ltr'>mite</span> <span class='ocrx_word' id='word_1_252' title='bbox 223 3617 320 3683; x_wconf 91' lang='lat' dir='ltr'>deum</span> <span class='ocrx_word' id='word_1_253' title='bbox 335 3555 618 3684; x_wconf 73' lang='lat' dir='ltr'>numenzssaoolus</span> <span class='ocrx_word' id='word_1_254' title='bbox 635 3641 784 3704; x_wconf 89' lang='lat' dir='ltr'>peccasse</span> <span class='ocrx_word' id='word_1_255' title='bbox 800 3557 953 3685; x_wconf 70' lang='lat' dir='ltr'>iitentem</span> 
     </span>
     <span class='ocr_line' id='line_1_41' title="bbox 129 3701 870 3786; baseline 0.005 -20"><span class='ocrx_word' id='word_1_256' title='bbox 129 3701 264 3766; x_wconf 88' lang='lat' dir='ltr'>restituit</span> <span class='ocrx_word' id='word_1_257' title='bbox 282 3701 430 3786; x_wconf 89' lang='lat' dir='ltr'>pactique</span> <span class='ocrx_word' id='word_1_258' title='bbox 447 3701 509 3764; x_wconf 87' lang='lat' dir='ltr'>fide</span> <span class='ocrx_word' id='word_1_259' title='bbox 527 3702 601 3766; x_wconf 86' lang='lat' dir='ltr'>deta</span> <span class='ocrx_word' id='word_1_260' title='bbox 617 3725 750 3767; x_wconf 89' lang='lat' dir='ltr'>munera</span> <span class='ocrx_word' id='word_1_261' title='bbox 767 3703 870 3770; x_wconf 83' lang='lat' dir='ltr'>solvit.</span> 
     </span>
     <span class='ocr_line' id='line_1_42' title="bbox 131 3787 912 3872; baseline 0.001 -20"><span class='ocrx_word' id='word_1_262' title='bbox 131 3795 226 3853; x_wconf 88' lang='lat' dir='ltr'>‘neve</span> <span class='ocrx_word' id='word_1_263' title='bbox 242 3788 325 3853; x_wconf 87' lang='lat' dir='ltr'>male</span> <span class='ocrx_word' id='word_1_264' title='bbox 343 3797 450 3872; x_wconf 88' lang='lat' dir='ltr'>optato</span> <span class='ocrx_word' id='word_1_265' title='bbox 467 3808 596 3852; x_wconf 88' lang='lat' dir='ltr'>maneas</span> <span class='ocrx_word' id='word_1_266' title='bbox 613 3787 806 3853; x_wconf 89' lang='lat' dir='ltr'>circumlitus</span> <span class='ocrx_word' id='word_1_267' title='bbox 824 3810 912 3864; x_wconf 89' lang='lat' dir='ltr'>auro,</span> 
     </span>
     <span class='ocr_line' id='line_1_43' title="bbox 130 3870 986 3956; baseline 0.004 -20"><span class='ocrx_word' id='word_1_268' title='bbox 130 3872 225 3937; x_wconf 90' lang='lat' dir='ltr'>vade’</span> <span class='ocrx_word' id='word_1_269' title='bbox 244 3873 288 3937; x_wconf 90' lang='lat' dir='ltr'>ait</span> <span class='ocrx_word' id='word_1_270' title='bbox 306 3873 361 3936; x_wconf 88' lang='lat' dir='ltr'>‘ad</span> <span class='ocrx_word' id='word_1_271' title='bbox 379 3870 503 3956; x_wconf 85' lang='lat' dir='ltr'>magnis</span> <span class='ocrx_word' id='word_1_272' title='bbox 520 3872 657 3937; x_wconf 86' lang='lat' dir='ltr'>vicinum</span> <span class='ocrx_word' id='word_1_273' title='bbox 677 3871 832 3939; x_wconf 90' lang='lat' dir='ltr'>Sardibus</span> <span class='ocrx_word' id='word_1_274' title='bbox 849 3896 986 3954; x_wconf 87' lang='lat' dir='ltr'>amnem,</span> 
     </span>
     <span class='ocr_line' id='line_1_44' title="bbox 129 3955 946 4044; baseline 0.001 -22"><span class='ocrx_word' id='word_1_275' title='bbox 129 3978 249 4044; x_wconf 90' lang='lat' dir='ltr'>perque</span> <span class='ocrx_word' id='word_1_276' title='bbox 265 3957 376 4043; x_wconf 89' lang='lat' dir='ltr'>iugum</span> <span class='ocrx_word' id='word_1_277' title='bbox 399 3958 503 4023; x_wconf 83' lang='lat' dir='ltr'>nitens</span> <span class='ocrx_word' id='word_1_278' title='bbox 525 3955 705 4022; x_wconf 90' lang='lat' dir='ltr'>labentibus</span> <span class='ocrx_word' id='word_1_279' title='bbox 722 3958 836 4023; x_wconf 85' lang='lat' dir='ltr'>obvius</span> <span class='ocrx_word' id='word_1_280' title='bbox 853 3959 946 4024; x_wconf 91' lang='lat' dir='ltr'>undis</span> 
     </span>
     <span class='ocr_line' id='line_1_45' title="bbox 129 4042 912 4131; baseline 0.004 -22"><span class='ocrx_word' id='word_1_281' title='bbox 129 4065 224 4131; x_wconf 87' lang='lat' dir='ltr'>carpe</span> <span class='ocrx_word' id='word_1_282' title='bbox 242 4043 341 4120; x_wconf 74' lang='lat' dir='ltr'>mam,</span> <span class='ocrx_word' id='word_1_283' title='bbox 359 4043 460 4108; x_wconf 89' lang='lat' dir='ltr'>donec</span> <span class='ocrx_word' id='word_1_284' title='bbox 476 4042 584 4108; x_wconf 88' lang='lat' dir='ltr'>venias</span> <span class='ocrx_word' id='word_1_285' title='bbox 602 4042 643 4108; x_wconf 90' lang='lat' dir='ltr'>ad</span> <span class='ocrx_word' id='word_1_286' title='bbox 660 4042 798 4109; x_wconf 85' lang='lat' dir='ltr'>fluminis</span> <span class='ocrx_word' id='word_1_287' title='bbox 815 4054 912 4112; x_wconf 75' lang='lat' dir='ltr'>onus.</span> 
     </span>
    </p>
   </div>
   <div class='ocr_carea' id='block_1_3' title="bbox 0 0 1404 4500">
    <p class='ocr_par' dir='ltr' id='par_1_3' title="bbox 0 0 1404 4500">
     <span class='ocr_line' id='line_1_46' title="bbox 0 0 1404 4500; baseline 0 1"><span class='ocrx_word' id='word_1_288' title='bbox 0 0 1404 4500; x_wconf 95' lang='lat' dir='ltr'> </span> 
     </span>
    </p>
   </div>
  </div>
 </body>
</html>
