2800 4500
307 275 676 339 nurnuonrflosnou
691 276 766 336 LIB.
784 276 865 334 XIII.
882 277 1029 336 iol—294,
1118 258 1182 331 219

158 411 253 488 atque
268 401 314 468 ita
331 403 457 491 captivo
475 403 575 470 victor
592 403 738 488 votisque
754 402 872 488 potitus

157 488 329 589 ingredior,
346 510 442 566 curru
457 490 558 555 laetos
574 487 717 554 imitante
734 486 921 574 triumphos.

159 594 249 639 curus
267 595 364 659 equos
381 575 516 661 pretium
534 595 592 659 pro
609 585 702 639 nocte
719 584 908 659 poposcerat
923 572 1034 650 hostis,

159 681 248 723 arma
263 670 378 745 negate
394 658 487 737 mihi,
505 660 665 742 fueritque
684 657 850 744 benignior
866 655 968 722 Aiaxl
985 692 1030 706 -

158 744 237 828 quid
254 743 348 829 Lycii
366 746 501 811 referam
519 743 714 830 Sarpedonis
732 744 861 828 agmina
877 743 962 809 ferro
1202 762 1251 813 255

160 829 324 895 devastata
340 831 432 897 meo?
449 853 523 896 cum
539 831 640 894 multo
656 830 812 916 sanguine
829 828 900 893 fudi

161 912 328 981 Coeranon
345 915 555 1002 lphitidenet
571 915 786 998 Alastoraque
804 911 1056 996 Chromiumque

159 1000 421 1085 Alcandrumque
438 1000 635 1083 Haliumque
651 999 882 1082 Noemonaque
898 998 1139 1084 Prytanimque‚

159 1086 320 1168 exitioque
338 1086 412 1151 dedi
429 1108 503 1150 cum
522 1083 786 1151 Chersidamante
803 1085 939 1150 Thoona

159 1183 192 1237 et
210 1168 402 1256 Charopem,
420 1170 557 1254 fatisque
574 1171 749 1235 immitibus
766 1170 937 1235 Ennomon
954 1181 1071 1247 actum,
1203 1190 1253 1239 200

160 1256 278 1342 quique
296 1256 402 1321 minus
420 1256 560 1322 celebres
577 1267 685 1321 nostra
702 1256 763 1321 suh
780 1255 947 1320 moenibus
964 1256 1052 1320 urbis

159 1341 358 1444 procubuere
375 1363 483 1407 manu.
498 1376 544 1389 -
559 1351 681 1406 suntet
698 1341 775 1406 mihi
792 1341 940 1418 vulnera,
957 1338 1053 1418 cives,

73 1476 75 1479 ψ
159 1449 230 1514 rpso
248 1427 381 1512 pulchra
396 1426 477 1492 loco.
520 1448 580 1493 nec
596 1426 687 1491 vanis
706 1427 823 1492 credite
840 1426 960 1491 verbisr

161 1512 291 1599 aspicite
308 1511 376 1577 enl'
395 1522 579 1596 vestemque
595 1535 693 1577 manu
711 1511 835 1577 diduxit
853 1523 892 1577 et·
902 1511 996 1577 ‘haec
1013 1523 1088 1578 sunt

161 1609 290 1684 pectora
307 1597 444 1683 semper'
462 1597 508 1663 ait
525 1598 652 1664 ‘vestris
670 1597 810 1664 exercita
826 1596 933 1662 rebus.
1204 1617 1254 1668 265

161 1695 195 1750 at
210 1683 256 1748 nil
273 1683 427 1770 impendit
444 1706 502 1769 per
518 1695 566 1748 tot
582 1681 788 1757 Telamonius
804 1704 904 1747 annos

160 1768 325 1854 sanguinis
341 1768 376 1833 in
393 1769 509 1844 socios,
528 1779 560 1835 et
576 1767 674 1834 habet
691 1768 759 1833 siue
776 1768 906 1835 vulnere
925 1789 1050 1853 corpus.

161 1855 239 1940 quid
256 1865 363 1929 tamen
380 1852 441 1919 hoo
457 1853 569 1931 refert,
587 1854 614 1918 si
632 1876 667 1919 se
684 1874 742 1939 pro
760 1852 861 1918 classe
877 1852 1017 1939 Pelasga

161 1963 251 2006 arma
267 1938 378 2004 tulisse
395 1938 493 2004 refert
509 1949 620 2004 contra
636 1938 802 2021 Troasque
819 1938 1013 2023 lovemque?

162 2025 390 2108 confiteorque,
408 2025 489 2089 tulit.
532 2044 636 2107 neque
653 2023 739 2090 enim
756 2022 838 2089 bene
855 2022 941 2089 facta
957 2022 1097 2109 maligne
1205 2047 1255 2097 270

162 2112 338 2176 detractare
354 2132 462 2185 meum
479 2119 539 2175 est:
552 2108 696 2174 modone
712 2108 894 2174 communia
911 2107 996 2173 solus

162 2205 309 2282 occupet,
328 2206 423 2279 atque
440 2194 578 2280 aliquem
594 2194 686 2261 vohis
702 2215 830 2279 quoqne
847 2193 959 2259 reddat
975 2193 1136 2260 honorem.
1153 2229 1197 2242 -

162 2280 300 2368 reppulit
316 2280 486 2346 Actorides
504 2281 564 2346 snb
581 2280 721 2366 imagine
738 2291 825 2345 tutus
843 2280 979 2344 Achillis

163 2367 265 2432 Troas
283 2366 324 2431 ab
342 2365 459 2431 arsuris
477 2387 550 2431 cum
568 2366 735 2432 defensore
752 2365 876 2431 carinis.
893 2402 937 2412 -

164 2474 277 2517 ausum
295 2450 391 2516 etiam
408 2452 577 2517 Hectoreis
593 2452 697 2517 solum
714 2473 902 2517 concurrere
919 2451 990 2516 telis
1207 2472 1256 2521 275

163 2561 197 2604 se
214 2547 320 2623 putat,
338 2536 455 2601 oblitus
472 2536 620 2622 regisque
637 2537 819 2622 ducumque
835 2536 972 2621 meique,

162 2646 266 2689 nonus
283 2622 317 2686 in
334 2620 440 2687 officio
457 2633 489 2687 et
506 2624 665 2708 praelatus
681 2644 814 2688 munere
831 2622 934 2688 sortis.

163 2709 220 2775 sed
237 2719 344 2774 tamen
362 2718 494 2774 eventus
512 2720 649 2785 vestrae,
666 2708 851 2785 fortissime,
868 2729 997 2793 pugnae

163 2795 235 2880 quis
252 2793 333 2858 fuit?
357 2793 482 2866 Hector
498 2792 566 2857 abit
582 2792 718 2858 violatus
735 2794 865 2859 vulnere
882 2794 979 2857 nullo.
996 2828 1041 2840 -

162 2902 215 2945 me
231 2878 397 2956 miserum,
415 2888 534 2962 quanto
552 2899 649 2962 cogor
664 2877 847 2943 meminisse
865 2878 972 2943 dolore
1207 2899 1258 2950 220

163 2964 314 3050 temporis
330 2964 431 3040 illius,
447 2984 512 3047 quo
531 2961 665 3028 Graium
683 2981 808 3040 murus,
824 2963 968 3028 Achilles

163 3047 347 3136 procubuit!
365 3070 426 3113 nec
441 3070 494 3114 me
511 3048 658 3114 lacrimae
676 3047 844 3131 luctusque
861 3047 1018 3132 timorque

164 3134 344 3211 tardarunt,
361 3134 439 3218 quin
457 3155 571 3220 corpus
589 3133 687 3198 humo
704 3132 840 3198 subhme
856 3132 1017 3199 referrem.

164 3220 214 3285 his
231 3219 363 3295 umeris,
380 3218 440 3296 his,
458 3219 604 3302 inquam,
621 3218 739 3284 umeris
757 3239 817 3305 ego
835 3239 950 3303 corpus
967 3218 1103 3283 Achillis

164 3317 198 3371 et
214 3304 308 3369 simul
326 3327 414 3368 arma
431 3305 499 3369 tuli.
542 3325 625 3389 quae
642 3327 729 3370 nunc
746 3323 874 3387 quoque
891 3302 974 3369 ferre
992 3304 1111 3370 laboro.
1207 3326 1256 3378 225

165 3401 240 3456 sunt
256 3388 348 3465 mihi,
367 3410 449 3474 quae
466 3390 593 3455 valeant
610 3390 644 3455 in
660 3390 738 3454 talia
753 3389 910 3475 pondera,
928 3389 1025 3454 vires:

165 3487 214 3541 est
230 3474 355 3539 animus
373 3484 457 3555 certe
473 3486 595 3540 vestros
612 3497 763 3541 sensurus
779 3474 924 3540 honores.
941 3509 986 3522 -

165 3560 285 3625 scilicet
301 3559 419 3624 idcirco
435 3580 494 3645 pro
511 3572 586 3625 nato
604 3562 731 3625 caerula
748 3570 849 3625 mater

165 3644 332 3711 ambitiosa
348 3664 407 3708 suo
424 3644 499 3722 fuit,
517 3656 553 3710 ut
569 3645 718 3711 caelestia
733 3645 827 3722 dona,

166 3730 242 3795 artis
259 3751 339 3815 opus
356 3739 477 3807 tantae,
494 3730 582 3795 rudis
600 3741 632 3796 et
649 3731 717 3796 sine
756 3741 861 3796 eotore
878 3731 969 3797 miles
1207 3751 1258 3801 290

164 3815 329 3881 indueret?
344 3835 449 3898 neque
466 3814 552 3880 enim
569 3815 662 3903 ohpei
679 3753 854 3882 caelamina
870 3816 968 3894 novit,

166 3900 334 3968 Oceanum
350 3911 383 3964 et
399 3910 499 3964 terras
516 3921 652 3985 cumque
670 3902 735 3966 alto
753 3901 856 3967 sidera
873 3903 972 3980 caelo,

163 3985 377 4070 Pleiadasque
394 3984 592 4069 Hyadesque
608 3986 846 4069 immunemque
863 3987 1010 4071 aequoris
1027 3988 1151 4052 Arcton

163 4070 368 4158 diversosque
390 4071 482 4139 orbes
499 4070 697 4159 nitidumque
715 4069 846 4138 Orionis
865 4094 983 4148 ensem.
1163 4140 1166 4144 ,
