2800 4500
726 36 990 111 υΝΙνΕΗδΙΤΥ

349 230 351 235 .
676 58 808 251 &Q
826 140 960 250 oddaram

213 262 666 321 mennonenosnounm.
680 262 788 319 xtvs
804 269 817 313 n
861 279 885 314 a
909 305 915 318 ,
939 272 947 312 .·
969 271 993 319 v.
1006 247 1185 320 1-52.⁴255

163 387 264 455 Graia
281 388 353 473 quis
370 387 490 454 Italicis
507 397 618 454 auctor
634 386 794 473 posuisset
809 386 842 453 in
860 388 923 454 oris

162 474 301 551 moenia,
318 473 481 558 quaerenti
498 473 545 539 sic
561 496 580 539 e
596 471 773 539 senioribus
790 495 873 537 unus

161 558 283 625 rettulit
299 558 472 644 indigenis,
489 559 604 625 veteris
621 579 686 623 non
702 556 821 623 inscius
839 557 924 623 aevis

163 645 266 711 ‘dives
283 644 325 709 ab
342 641 475 711 Oceano
492 645 595 710 bobus
612 643 692 709 Iove
710 653 804 708 natus
822 642 953 709 Hiberis

161 732 252 796 litora
269 729 354 796 felici
370 729 510 801 tenuisse
527 729 663 795 Lacinia
681 751 776 794 cursu

162 816 272 891 fertur,
290 826 323 881 et
340 826 482 881 armento
499 826 625 881 teneras
642 825 766 881 errante
783 836 841 900 per
858 813 973 879 herbas

161 901 229 987 ipse
247 901 377 965 domum
394 901 503 987 magni
519 923 579 966 nec
596 900 755 985 inhospita
773 910 856 965 tecta
873 896 1021 965 Crotonis
1204 920 1236 970 15

161 988 295 1052 intrasse
312 996 345 1052 et
360 986 470 1071 requie
486 987 617 1072 longum
633 986 792 1051 relevasse
808 985 960 1062 laborem,

162 1083 258 1156 atque
275 1071 321 1136 ita
338 1071 503 1137 discedens
521 1070 651 1137 “aevo’'
669 1070 787 1136 dixisse
805 1076 981 1156 “nepotum

162 1157 214 1223 hic
230 1158 319 1243 locus
336 1155 424 1222 urbis
442 1156 530 1222 erit.'’
573 1156 791 1242 promissaque
808 1178 885 1221 vera
900 1156 1039 1229 fuerunt.

161 1266 235 1308 nam
253 1241 314 1307 fuit
330 1242 483 1327 Argolico
500 1253 669 1328 generatus
686 1242 845 1307 Alemone
862 1240 992 1325 quidam
1112 1257 1250 1326 Myscelus.

161 1328 341 1414 Myscelus,
358 1327 442 1393 illius
460 1328 508 1392 dis
526 1326 763 1413 acceptissimus
781 1327 862 1392 aevi.
1202 1347 1235 1396 20

161 1414 248 1479 hunc
265 1436 360 1499 super
376 1413 562 1479 incumbens
578 1435 725 1499 pressum
741 1412 898 1499 gravitate
914 1433 950 1477 so
992 1412 1035 1478 ris

162 1499 301 1586 claviger
318 1498 501 1582 alloquitur:
519 1498 673 1584 “patrias,
691 1521 762 1599 ege,
780 1498 923 1566 deseres
965 1521 999 1565 es

162 1596 195 1652 et
210 1597 283 1672 pets
301 1584 417 1650 diversi
433 1584 591 1671 lapidosas
607 1585 740 1651 Aesone
758 1582 899 1649 undasl''

162 1682 208 1748 et,
225 1670 287 1737 nisi
303 1669 457 1756 paruerit,
475 1671 575 1736 multa
592 1692 630 1736 cc
647 1670 819 1737 metuenda
835 1670 983 1736 minatur.

161 1768 234 1843 post
250 1779 289 1833 ea
305 1756 472 1823 discedunt
488 1755 605 1842 pariter
622 1776 815 1840 somnusque
832 1756 984 1839 deusque.
1203 1776 1236 1826 25

162 1843 264 1927 surgit
280 1841 487 1915 Alemonides
504 1841 663 1925 tacitaque
679 1841 819 1907 recentia
835 1852 942 1908 mente

162 1929 232 1993 visa
248 1926 360 2004 refert,
377 1937 563 2013 pugnatque
580 1927 635 1991 diu
653 1926 809 1991 sententia
826 1948 945 1991 secum.

161 2036 281 2079 numen
298 2011 385 2077 abire
402 2011 504 2078 iubet:
521 2010 690 2097 prohibent
706 2010 868 2076 discedere
885 2011 983 2097 leges,

161 2118 328 2185 poenaque
344 2118 430 2162 mors
447 2096 551 2182 posita
567 2107 615 2162 est
632 2096 767 2182 patriam
784 2108 908 2162 mutare
925 2096 1053 2162 volenti.

162 2183 316 2256 candidus
333 2179 465 2248 Oceano
481 2181 616 2247 nitidum
633 2193 730 2268 caput
746 2181 911 2247 abdiderat
928 2180 996 2260 Sol,
1201 2205 1235 2255 to

161 2282 193 2338 et
211 2278 307 2356 caput
323 2270 480 2335 extulerat
496 2267 682 2335 densissima
699 2267 857 2335 sidereum
872 2267 961 2333 Nox:

161 2357 249 2421 visus
266 2354 377 2421 edesse
394 2354 479 2420 idem
496 2355 640 2422 deusest
657 2354 831 2439 eademque
847 2375 976 2421 monere

162 2454 207 2518 et,
225 2440 286 2506 nisi
303 2440 455 2526 paruerit,
472 2441 565 2527 plura
581 2460 620 2505 ac
695 2439 784 2505 viora
800 2439 923 2506 minari.

162 2527 321 2604 extimuit3
338 2525 540 2612 patriumque
557 2525 615 2591 sim
668 2525 838 2592 transferre
855 2527 988 2611 parabat

161 2614 195 2679 in
212 2612 303 2678 sedes
320 2612 481 2698 penetrale
498 2633 607 2678 novas.
649 2611 686 2676 fit
702 2634 846 2678 murmur
862 2612 896 2676 in
913 2613 1003 2689 urbe,
1200 2634 1233 2685 35

161 2709 405 2784 spretarumque,
413 2697 525 2784 agitur
539 2698 649 2783 legum
665 2720 749 2763 reus.
793 2708 891 2781 utque
907 2708 1036 2783 peracta
1052 2708 1102 2764 est

162 2806 258 2849 causa
275 2782 370 2868 prior,
387 2783 568 2866 crimenque
585 2795 693 2869 patens
711 2786 778 2850 sine
796 2796 874 2850 teste
891 2785 1070 2869 probatum,

116 2870 117 2873 ’
162 2868 323 2952 squalidus
341 2867 382 2932 ad
398 2889 530 2953 superos
547 2868 659 2933 tollens
676 2890 751 2933 reus
767 2888 823 2932 ora
840 2889 1016 2952 manusque

161 2962 207 3022 t‘o
224 2953 276 3018 cui
292 2953 342 3018 ius
359 2953 505 3019 caelibis
523 2976 579 3019 sex
596 2952 699 3019 secere
716 2952 850 3030 labores,

161 3039 361 3128 fer‘precor''
379 3038 481 3122 inquit
503 3044 634 3123 “opemz
657 3060 731 3103 nam
745 3051 780 3104 tu
793 3038 870 3103 mihi
884 3038 1023 3103 criminis
1041 3040 1181 3107 auctor.'’
1198 3062 1233 3111 4ο

161 3146 230 3191 mos
248 3135 316 3202 erat
332 3124 495 3207 antiquus,
512 3123 613 3190 niveis
630 3124 769 3207 atrisque
786 3122 901 3209 lapillis

161 3210 211 3276 his
228 3211 379 3275 damnare
396 3232 481 3286 reos,
498 3209 559 3274 illis
577 3209 741 3274 absolvere
758 3208 862 3310 culpa.

161 3307 238 3361 tunc
255 3316 381 3380 quoque
398 3295 444 3360 sic
460 3295 525 3360 lata
543 3307 591 3360 est
608 3293 763 3360 sententia
778 3294 890 3371 tustis3
907 3305 940 3360 et
956 3295 1058 3362 omnis

161 3381 301 3447 calculus
318 3381 471 3445 immitem
488 3379 663 3445 demittitur
679 3390 748 3444 ater
763 3379 796 3443 iu
813 3402 936 3444 urnam.

161 3489 243 3550 quae
260 3465 354 3548 simul
371 3466 484 3532 effudit
500 3465 712 3531 numerandos
730 3487 821 3530 versa
837 3465 971 3549 lapillos,
1197 3488 1231 3539 45

161 3552 307 3632 omnihus
326 3573 343 3616 e
360 3551 393 3614 ni
432 3573 452 3615 o
469 3552 555 3616 color
572 3562 620 3616 est
636 3561 777 3615 mutatus
794 3550 826 3613 in
844 3550 963 3627 album,

161 3637 359 3719 candidaque
410 3636 535 3702 erculeo
552 3635 708 3703 sententia
724 3634 854 3699 numine
871 3635 956 3699 facta

161 3721 255 3787 solvit
272 3720 493 3785 Alemoniden.
536 3733 642 3806 grates
660 3720 727 3806 agit
743 3720 796 3785 ille
813 3720 936 3805 parenti

159 3806 295 3890 Amphit
333 3805 466 3869 oniadae
483 3806 647 3889 ventisque
664 3805 845 3871 faventibus
863 3826 981 3888 aequor

159 3828 434 3975 nangatlonium
452 3888 725 3974 Sallentinumque
741 3890 895 3955 Neretum
1198 3915 1231 3964 50

159 3974 309 4127 pfaeterit
326 3988 359 4039 et
376 3973 514 4060 Sybarin
532 3975 886 4058 Lacedaemoniumque
903 3974 1077 4042 Tarentum

190 4059 383 4146 hurinosqqe
401 4060 487 4128 sinus
506 4058 727 4150 Crimisenque
744 4073 776 4130 et
792 4060 922 4149 Iapygis
940 4085 1027 4140 arva,
