2800 4500
283 288 650 347 unrauoarnoseou
666 289 740 344 nm.
759 270 824 346 v'1'1.
842 289 985 346 eso-4³⁷.
1075 253 1150 342 ''115

125 414 181 482 sed
198 426 368 501 postquam
385 409 515 477 Colchis
532 412 609 477 arsit
625 433 710 475 nova
726 421 827 510 nupta
844 411 983 487 venenis,

125 501 375 586 flagrantemque
393 498 521 562 domum
540 519 574 561 re
599 497 625 560 's
642 518 730 561 mare
748 495 828 560 vidit
844 506 1025 579 utrumque,
1168 516 1218 567 sss

126 584 280 671 sanguino
297 594 444 647 natorum
461 582 575 668 perfun
599 581 663 645 ‘tur
679 581 797 665 impius
815 579 910 658 ensis,

125 671 254 754 ultaque
271 690 305 734 se
322 668 406 733 male
422 677 524 732 mater
539 666 662 731 Iasonis
680 665 794 751 effugit
812 687 898 729 arma
903 689 913 744 ;

125 755 199 820 hinc
215 752 389 819 Titaniacis
407 751 514 816 ablata
530 751 721 816 draconibus
739 751 836 815 intrat

125 839 286 906 Palladias
303 859 402 903 arces.
446 859 529 920 quae
545 849 591 915 te,
609 836 781 901 iustissima
797 835 919 912 Phene,

125 939 235 1008 teque,
254 945 352 989 senex
367 921 522 1007 Peripha,
540 922 658 1007 pariter
674 920 783 986 videre
800 921 954 999 volantes,
1167 942 1219 992 400

125 1010 328 1091 innixamque
345 1008 436 1072 novis
453 1019 581 1093 neptem
597 1006 825 1092 Polypemonis
843 1006 911 1071 alis.

126 1094 242 1182 excipit
260 1094 343 1158 hanc
360 1094 507 1177 Aegeus,
525 1091 610 1156 facto
628 1091 828 1156 damnandus
845 1092 878 1156 in
895 1113 970 1157 uno.

125 1202 184 1245 nec
201 1179 278 1244 satis
295 1177 467 1263 hospitium
484 1189 547 1243 est:
564 1175 696 1241 thalami
713 1197 841 1260 quoque
857 1176 986 1242 foedere
1002 1176 1116 1262 iungit.

167 1265 301 1349 lamque
318 1263 427 1328 aderat
444 1262 598 1341 Theseus,
615 1262 722 1348 proles
739 1261 852 1347 ignara
869 1262 1004 1348 parenti,
1098 1277 1217 1330 dhaem.

126 1364 157 1414 et
175 1352 290 1412 virtute
307 1369 366 1411 sua
384 1350 535 1413 bimarem
552 1361 722 1433 pacaverat
738 1348 892 1414 Isthmon.
1167 1365 1217 1416 40⁵

126 1431 220 1498 huius
238 1432 271 1495 in
288 1430 420 1495 exitium
439 1431 550 1495 miscet
567 1430 700 1508 Medea,
719 1431 806 1515 quod
822 1431 898 1496 olim

126 1518 274 1583 attulerat
290 1537 398 1580 secum
417 1513 575 1600 Scythicis
593 1516 741 1581 aconiton
758 1515 800 1580 ab
817 1517 890 1582 oris.

124 1603 203 1670 illud
220 1600 404 1666 Echidneae
420 1611 597 1665 memorant
614 1622 632 1666 e
650 1601 797 1667 dentibus
814 1612 919 1668 ortum

127 1710 195 1755 esse
213 1686 310 1752 canis.
354 1707 467 1771 specus
484 1696 532 1751 est
549 1685 717 1751 tenebroso
734 1706 849 1752 caecus
866 1686 956 1753 hiatu

126 1785 157 1839 et
173 1772 226 1838 via
243 1770 390 1848 declivis,
407 1793 464 1856 per
481 1792 578 1854 quam
594 1770 782 1855 Tirynthius
800 1771 893 1838 heros

125 1868 295 1924 restantem
313 1867 485 1940 contraque
503 1857 586 1921 diem
604 1857 773 1941 radiosque
789 1857 943 1924 micantes

126 1943 340 2026 obliquantem
357 1941 466 2006 oculos
482 1941 574 2007 nexis
592 1941 760 2006 adamante
778 1942 898 2007 catenis

127 2027 291 2095 Cerberon
308 2025 476 2104 abstraxit3
493 2025 605 2090 rabida
622 2026 679 2109 qui
695 2026 838 2092 concitus
854 2026 903 2092 ira

125 2112 269 2200 implevit
285 2112 403 2197 pariter
419 2110 516 2178 ternis
532 2111 699 2176 latratibus
717 2133 810 2178 auras

126 2212 158 2266 et
175 2197 290 2285 sparsit
306 2195 422 2264 virides
440 2197 561 2283 spumis
579 2196 758 2263 albentibus
776 2219 879 2284 agros.

126 2285 183 2350 has
201 2305 365 2349 concresse
381 2293 508 2384 putant,
526 2294 699 2367 nactasque
718 2283 868 2350 alimenta
884 2283 999 2373 feracis

125 2369 317 2452 fecundique
334 2369 393 2432 soh
410 2368 493 2433 vires
511 2368 633 2453 cepisse
649 2369 795 2435 nocendi.

126 2477 209 2540 quae
227 2454 303 2537 quia
319 2465 493 2518 nascuntur
509 2453 590 2518 dura
606 2452 731 2519 vivacia
747 2464 850 2532 caute,

125 2550 267 2626 agrestes
284 2539 409 2603 aconita
425 2549 550 2604 vocant.
595 2560 634 2604 ea
650 2539 795 2626 coniugis
812 2550 884 2606 astu

125 2628 193 2711 ipsc
211 2646 326 2710 parcns
342 2624 475 2708 Aegeus
491 2634 567 2688 nato
582 2624 737 2710 porrexit,
754 2636 791 2689 ut
807 2624 900 2690 hosti.

126 2718 304 2796 sumpserat
319 2708 431 2794 ignara
447 2708 592 2775 Theseus
610 2708 685 2774 data
700 2711 817 2796 pocula
833 2711 955 2787 dextra,

126 2819 199 2861 cum
216 2805 308 2881 pater
322 2793 356 2858 in
373 2793 486 2878 capulo
503 2794 603 2879 gladii
620 2796 769 2880 cognovit
785 2794 906 2861 eburno

126 2881 153 2946 si
199 2903 219 2944 a
235 2879 285 2944 sui
302 2878 429 2964 generis
445 2878 631 2963 facinusque
648 2880 788 2946 excussit
804 2880 845 2945 ab
863 2902 927 2946 ore.

125 2903 239 3052 effigit
255 2964 310 3029 illa
326 2986 452 3040 necem,
469 2963 594 3030 nebulis
611 2987 670 3051 per
685 2964 826 3030 carmina
842 2965 946 3032 motis.

168 3051 216 3115 At
232 3049 368 3135 genitor,
384 3070 578 3133 quamquam
595 3049 731 3115 laetatur
748 3050 865 3137 sospite
881 3062 967 3130 nato,

125 3134 278 3201 attonitus
294 3146 400 3199 tamen
417 3146 466 3199 est
481 3134 595 3220 ingens
613 3135 792 3201 discrimine
809 3156 908 3221 parvo

125 3219 280 3286 committi
295 3219 437 3305 potuisse
453 3220 554 3285 nefas.
597 3220 684 3285 fovet
700 3220 829 3306 ignibus
846 3242 917 3285 aras

124 3303 373 3387 muneribusque
391 3305 467 3369 deos
484 3304 608 3392 implet,
625 3304 808 3389 feriuntque
825 3327 951 3372 secures

124 3392 206 3457 colla
223 3406 329 3455 torosa
346 3390 443 3453 boum
460 3389 637 3455 vinctorum
655 3412 774 3455 cornua
789 3391 886 3456 vittis.

122 3475 230 3541 nullus
247 3473 449 3540 Erechthidis
465 3474 566 3541 fertur
582 3475 770 3541 celebratior
785 3476 839 3541 illo

122 3560 264 3626 illuxisse
283 3559 360 3626 dies.
404 3559 526 3644 agitant
543 3560 689 3625 convivia
706 3573 811 3647 patres

122 3661 156 3711 et
173 3645 313 3711 medium
331 3644 461 3729 vulgum
479 3667 539 3711 nec
555 3667 620 3710 non
636 3657 669 3711 et
685 3646 826 3711 carmina
843 3646 917 3712 vino

120 3731 287 3816 ingenium
304 3730 441 3795 faciente
457 3742 585 3796 canunt
628 3738 688 3807 ‘te,
707 3731 845 3797 maxime
862 3732 1000 3808 Theseu,

121 3816 237 3880 mirata
253 3830 301 3881 est
317 3814 490 3880 Marathon
508 3812 635 3881 Cretaei
653 3817 808 3902 sanguine
825 3818 923 3882 tauri:

120 3899 271 3984 quodque
288 3900 354 3965 suis
371 3921 502 3964 securus
519 3913 587 3966 arat
605 3897 788 3987 Cromyona
804 3902 945 3980 colonus,

119 4007 238 4049 munus
256 4006 400 4071 opusque
416 3997 507 4050 tuum
525 3998 583 4051 est.
627 3986 720 4052 tellus
737 3985 914 4073 Epidauria
931 4010 989 4074 per
1006 3999 1038 4053 te

120 4068 314 4157 clavigeram
330 4070 410 4137 vidit
426 4069 563 4139 Volcani
580 4071 767 4140 occumbere
783 4074 914 4160 prolem,

935 4172 972 4229 82
