2800 4500
308 262 675 324 METAMORPHOSEON
691 262 766 321 LIB.
784 263 836 320 ΙΙΙ.
853 263 999 322 ata-tot.
1121 249 1166 317 45

145 391 281 493 ‘profeci
298 391 376 476 quid
394 391 477 457 enim
494 390 608 457 totiens
626 413 684 477 per
699 389 835 476 iurgiai’
854 389 947 455 dixit:

145 484 231 565 ‘1psa
246 477 384 564 petenda
400 478 478 542 mihi
495 488 553 542 est.
595 476 713 562 ipsam,
731 478 758 541 si
774 476 914 542 maxima
930 475 1013 540 Iuno

144 563 205 628 rite
221 584 328 640 vocor,
345 563 491 649 perdam,
508 562 535 627 si
552 584 603 627 me
620 562 815 648 gemmantia
832 562 944 626 dextra

146 659 271 734 sceptra
286 660 395 714 tenere
412 649 517 725 decet,
534 648 563 712 si
579 669 650 712 snm
667 647 778 733 regina
794 646 944 730 Iovisque
1182 665 1233 714 265

145 746 179 799 et
195 755 284 799 soror
301 746 333 800 et
350 735 502 811 coniunx,
520 743 604 799 certe
621 755 719 797 soror.
763 744 811 809 at,
828 743 921 818 puto,
937 732 1023 798 furto
1040 741 1089 798 est

146 830 308 896 contenta,
326 831 359 885 et
375 819 507 884 thalami
523 819 628 885 brevis
645 830 694 884 est
710 818 824 884 iniuria
840 817 958 883 nostri?

147 904 296 989 concipit!
313 904 348 969 id
365 904 486 970 deeratl
504 903 736 988 manifestaque
753 903 885 969 crimina
900 904 996 989 pleno

147 989 210 1055 lert
225 1001 330 1067 utero,
347 1002 379 1055 et
395 1002 506 1067 mater,
524 990 611 1074 quod
627 989 682 1053 vix
698 989 777 1053 mihi
793 989 940 1075 contigit,
957 1009 1022 1055 uno

148 1075 189 1141 de
205 1076 283 1141 Iove
300 1077 368 1141 vult
384 1076 467 1142 fieri:
489 1086 578 1141 tanta
594 1086 643 1142 est
658 1074 777 1140 fiducia
792 1075 923 1141 formae.

147 1160 238 1225 fallat
254 1184 324 1227 eam
341 1162 426 1226 laxo.
468 1183 529 1227 neo
545 1182 617 1226 sum
634 1159 800 1238 Saturnia,
818 1160 844 1226 si
861 1182 926 1226 non

147 1246 190 1311 ab
206 1247 284 1312 Iove
300 1269 405 1312 mersa
421 1268 479 1311 suo
497 1245 627 1333 Stygias
643 1245 822 1331 penetrabit
839 1247 881 1311 ad
898 1242 1020 1312 mdas’

148 1332 250 1418 surgit
267 1332 308 1396 ab
325 1331 376 1396 his
393 1333 487 1409 solio,
504 1331 656 1416 fulvaque
673 1332 836 1398 recondita
852 1332 938 1399 nube

146 1418 245 1484 limen
262 1418 328 1482 adit
344 1417 496 1485 Semeles.
538 1439 599 1482 nec
615 1416 717 1482 nubes
734 1427 808 1483 ante
823 1417 968 1494 removit,

148 1525 243 1587 quam
262 1503 423 1568 simulavit
439 1525 536 1568 anum
552 1502 721 1589 posuitque
739 1503 781 1568 ad
797 1514 940 1590 tempora
957 1525 1053 1570 canos

148 1588 345 1673 sulcavitque
363 1600 468 1655 cutem
483 1588 586 1675 rugis,
604 1599 635 1654 et
653 1610 752 1655 curva
768 1590 913 1654 trementi

148 1674 292 1740 membra
308 1674 381 1740 tulit
396 1697 503 1760 passu.
546 1695 658 1740 vocem
674 1695 803 1758 quoque
820 1674 896 1740 fecit
912 1675 1037 1753 anilem,

148 1759 281 1845 ipsaque
298 1772 366 1825 erat
381 1760 500 1837 Beroe,
518 1758 660 1827 Semeles
676 1759 853 1846 Epidauria
868 1761 986 1826 nutrix.

149 1867 226 1931 ergo
244 1845 300 1910 ubi
318 1856 443 1932 captato
461 1867 605 1911 sermone
622 1844 742 1929 diuque
758 1846 918 1929 loquendo

149 1931 191 1995 ad
207 1952 324 1996 nomen
340 1953 456 1997 venere
471 1930 573 2008 Iovis,
590 1930 729 2017 suspirat
745 1942 777 1996 et
793 1941 893 2017 ‘opto‚

148 2016 293 2102 Iuppiter
309 2027 345 2081 ut
362 2016 415 2082 sit’
433 2015 488 2081 ait.
531 2022 654 2082 ‘metuo
671 2027 779 2081 tamen
796 2017 911 2082 omnia.
954 2017 1046 2083 multi

149 2102 276 2167 nomine
294 2102 438 2167 divorum
454 2101 610 2167 thalamos
627 2101 725 2167 iniere
742 2102 884 2187 pudicos.

149 2208 210 2253 nec
226 2198 333 2253 tamen
350 2210 418 2254 esse
436 2188 546 2254 Iovem
564 2187 640 2253 satis
658 2197 714 2255 est.
758 2188 812 2255 det
827 2188 945 2275 pignus
962 2188 1088 2267 amoris,

150 2274 289 2338 simodo
306 2296 399 2339 verus
416 2274 444 2339 is
462 2284 520 2340 est.
562 2284 763 2359 quantusque
780 2284 813 2340 et
829 2273 932 2356 qualis
949 2275 991 2338 ab
1008 2275 1073 2340 alta

150 2360 273 2425 Iunone
291 2359 456 2445 excipitur,
473 2365 580 2425 tantus
597 2360 747 2443 talisque,
763 2372 886 2446 rogato,

151 2446 205 2509 det
220 2444 279 2509 tihi
296 2445 479 2531 complexus
496 2466 617 2528 suaque
635 2458 708 2512 ante
725 2446 862 2531 insignia
879 2445 1002 2513 sumat?

150 2530 267 2595 talibus
283 2529 429 2616 ignaram
445 2531 527 2596 Iuno
545 2528 722 2597 Cadmeida
739 2531 830 2597 dictis

149 2617 312 2682 formarat.
354 2627 448 2701 rogat
464 2615 519 2681 illa
534 2617 646 2682 Iovem
664 2617 732 2682 sine
749 2617 876 2683 nomine
893 2640 1019 2683 munus.

151 2702 204 2767 cui
220 2702 298 2767 deus
317 2700 427 2787 ‘elige'
445 2700 502 2779 ait,
521 2702 654 2766 ‘nullam
672 2702 792 2788 patiere
809 2703 978 2788 repulsam.

151 2808 279 2871 quoque
295 2787 398 2871 magis
415 2787 539 2864 credas,
558 2785 665 2873 Stygii
681 2807 808 2871 quoque
826 2788 953 2852 conscia
969 2800 1063 2854 sunto
1188 2807 1238 2859 290

150 2873 282 2937 numina
298 2872 460 2938 torrentis:
478 2872 572 2938 timor
588 2884 620 2938 et
637 2873 716 2937 deus
732 2872 786 2938 ille
803 2872 936 2938 deorum
953 2874 1020 2939 est'

150 2959 235 3025 laeta
250 2959 335 3023 malo
351 2956 547 3041 nimiumque
564 2967 676 3043 potens
693 2958 895 3043 perituraque
913 2957 1047 3023 amantis

151 3043 304 3127 obsequio
323 3041 448 3109 Semele
466 3044 607 3126 ‘qualem
626 3041 789 3110 Satumia'
807 3042 887 3108 dixit

152 3137 197 3196 ‘te
214 3130 295 3194 solet
311 3127 472 3215 amplecti,
489 3128 623 3195 Veneris
641 3150 714 3194 cum
731 3127 845 3194 foedus
861 3128 957 3206 initis,

151 3215 194 3280 da
209 3213 288 3278 mihi
304 3225 336 3279 te
353 3213 469 3279 talem.'
512 3213 612 3279 voluit
629 3212 708 3279 deus
725 3234 782 3279 ora
797 3213 955 3298 loquentis
1012 3241 1013 3244 ¹

121 3322 124 3326 ¹
151 3299 343 3402 opprimere:
362 3299 481 3364 exierat
497 3298 562 3364 iam
579 3320 643 3364 vox
658 3309 828 3447 properata
844 3299 905 3364 suh
922 3321 1025 3363 auras.

150 3385 315 3471 ingemuit.
357 3405 461 3468 neque
478 3384 562 3450 enim
579 3406 644 3449 non
684 3407 741 3449 aec
758 3395 898 3471 optasse,
915 3405 1019 3468 neque
1035 3383 1089 3449 ille

150 3492 215 3536 non
232 3470 353 3535 iurasse
369 3480 483 3555 potest
526 3491 602 3555 ergo
619 3470 846 3535 maestissimus
863 3471 963 3535 altum

151 3555 281 3622 aethera
297 3555 494 3631 conscendit,
511 3556 664 3640 vultuque
681 3554 846 3639 sequentia
862 3555 958 3619 traxit

150 3641 275 3718 nubila,
292 3643 364 3723 quis
380 3639 506 3704 nimbos
522 3639 719 3725 inmixtaque
735 3640 864 3726 fulgura
881 3639 983 3706 ventis

151 3726 273 3791 addidit
290 3738 323 3791 et
339 3725 473 3791 tonitrus
490 3736 523 3790 et
537 3724 720 3792 inevitabile
737 3725 869 3791 fulmen.

151 3833 216 3895 qua
232 3822 338 3876 tamen
355 3831 458 3894 usquc
474 3820 592 3896 potest,
608 3811 692 3877 vires
710 3810 771 3875 sibi
788 3811 913 3877 demere
931 3820 1073 3896 temptat.

150 3918 225 3973 nec,
243 3917 306 3979 quo
324 3895 536 3961 centimanum
554 3895 711 3962 deiecerat
726 3895 801 3982 igne
818 3895 983 3982 Typhoea,
999 3921 1002 3928 ⁴

150 4003 236 4047 nunc
253 3991 393 4046 armatur
409 4002 462 4047 eo:
480 3979 613 4045 nimium
630 3980 763 4046 feritatis
779 3980 813 4045 in
829 3981 883 4045 illo
900 3993 957 4046 est.

151 4078 200 4136 est
217 4066 304 4131 aliud
320 4066 422 4132 levius
437 4065 574 4145 fulmen,
593 4067 645 4131 cui
661 4067 773 4132 dextra
793 4064 985 4154 Cyclopum·
