2800 4500
323 275 688 338 METAMORPHOSEON
707 277 781 332 LIB.
797 276 862 334 XV.
880 274 1025 333 405-492.
1120 256 1185 327 265

162 404 320 473 aetheriae
336 406 443 482 sedes,
460 403 647 486 caelumque
664 400 724 466 erit
741 400 845 466 exitus
861 398 937 464 illi”

162 492 242 558 haec
258 492 419 557 Helenum
436 488 587 555 cecinisse
603 487 789 573 penatigero
805 485 938 551 Aeneae
1203 504 1252 554 450

161 588 267 643 mente
284 597 405 643 memor
421 575 534 649 refero,
552 584 752 658 cognataque
768 570 895 636 moenia
910 569 1010 635 laetor

162 684 303 728 crescere
320 673 353 726 et
369 660 487 726 utiliter
503 657 688 743 Phrygibus
705 655 820 721 vicisse
836 655 1002 739 Pelasgos.

160 769 202 811 ne
231 756 339 810 tamen
361 743 467 811 oblitis
484 745 526 810 ad
543 754 661 808 metam
677 741 807 808 tendere
824 741 920 825 longe

162 831 359 916 expatiemur
375 830 480 915 cquis:
518 829 642 895 caelum
659 839 690 893 et
707 826 931 912 quodcumque
948 824 1009 889 sub
1025 824 1079 889 illo
1097 835 1155 902 000,

161 917 308 981 immutat
324 916 457 992 formas,
474 914 631 996 tellusque
648 924 681 979 00
697 911 852 996 quicquid
869 911 903 975 in
919 910 974 975 illa
990 922 1048 976 est.
1201 930 1252 980 455

162 1023 220 1067 nos
238 1022 379 1086 quoque,
396 1023 470 1087 pars
486 999 612 1075 mundi,
630 999 781 1082 quoniam
798 1017 863 1062 non
880 1016 1012 1081 eorpora
1028 995 1142 1073 solum,

162 1109 273 1152 verum
291 1087 388 1151 etiam
404 1087 549 1152 volucres
566 1084 690 1149 animae
707 1103 832 1158 sumus,
850 1081 947 1165 inque
964 1080 1081 1145 ferinas

161 1192 330 1257 possumus
347 1171 393 1236 100
411 1171 522 1234 domos
539 1169 761 1255 pecudumque
778 1167 812 1230 in
828 1187 961 1252 corpora
979 1165 1082 1231 condi.

163 1278 310 1341 corpora,
328 1276 411 1339 quae
428 1265 562 1341 possunt
577 1253 699 1318 animas
716 1252 865 1318 habuisse
881 1262 1049 1337 parentum

162 1351 217 1406 aut
235 1340 368 1405 fratrum
384 1351 441 1405 aut
457 1340 563 1423 aliquo
579 1338 760 1404 iunctorum
777 1337 905 1402 foedere
922 1336 1015 1402 nobis
1202 1357 1253 1407 400

163 1438 219 1490 000
236 1425 399 1489 hominnm
417 1436 517 1502 certe,
534 1435 604 1489 0000
619 1446 690 1490 esse
707 1435 740 1490 et
755 1423 888 1489 honesta
903 1421 1045 1487 sinamus

161 1533 242 1576 neve
260 1510 428 1595 Thyesteis
445 1509 641 1575 cumulemus
659 1509 781 1574 viscera
797 1508 925 1573 mensis.

162 1617 259 1680 quarn
277 1596 359 1661 male
376 1595 567 1671 consuescit,
584 1615 681 1678 quam
698 1618 733 1660 00
750 1603 841 1678 parat
857 1592 911 1659 ille
928 1591 1031 1659 cruori

161 1680 278 1766 impius
295 1681 444 1757 humano,
462 1680 553 1745 vituli
569 1679 625 1763 qui
642 1689 775 1764 guttura
791 1678 893 1743 cultro

161 1765 280 1852 rumpit
298 1777 329 1831 00
346 1766 492 1831 immutes
509 1764 641 1865 praebet
656 1763 832 1849 mugitibus
850 1785 956 1828 aures:
1202 1782 1254 1830 405

162 1863 218 1916 aut
234 1851 289 1934 qui
307 1852 434 1936 vagitus
451 1850 569 1915 similes
585 1848 759 1934 puerilibus
776 1848 914 1912 haedum
1237 1871 1244 1876 ·

161 1936 308 2001 edentem
324 1935 469 2020 iugulare
485 1944 605 2019 potest:
623 1944 679 1997 aut
696 1932 770 1997 alite
786 1933 883 2007 vesci,

162 2021 214 2084 cui
231 2020 318 2084 dedit
335 2019 404 2104 ipse
421 2017 523 2082 cibosl
550 2029 706 2101 quantum
723 2027 785 2092 000,
803 2017 890 2098 quod
907 2016 989 2081 desit
1005 2017 1125 2082 inistis

161 2104 348 2189 adplenum
367 2102 511 2167 facinus?
523 2123 587 2187 quo
605 2101 754 2165 transitus
772 2101 846 2166 inde
863 2101 1011 2186 paratur?

162 2189 220 2253 bos
238 2199 305 2254 aret
323 2199 379 2254 aut
395 2199 530 2254 mortem
547 2186 723 2254 senioribus
740 2186 875 2271 imputet
892 2186 994 2265 anuis,
1203 2207 1254 2257 470

162 2273 352 2339 horriferum
370 2283 479 2338 contra
495 2272 615 2337 borean
630 2272 699 2337 ovis
718 2294 807 2336 arma
823 2272 988 2348 ministret

161 2361 261 2425 ubera
279 2359 355 2424 deut
371 2370 498 2423 saturae
515 2358 661 2422 manibus
678 2357 852 2444 pressanda
869 2357 1019 2442 capellae.

160 2443 330 2511 retiacum
347 2442 468 2529 pedicis
484 2444 679 2527 laqueosque
696 2454 844 2527 artesque
862 2442 988 2508 dolosas

161 2530 269 2595 tollite.
312 2551 373 2594 nec
389 2528 551 2594 volucrem
567 2528 687 2593 viscata
703 2528 804 2593 fallite
822 2527 922 2614 virga,

161 2637 220 2681 neo
236 2614 412 2680 formidatis
429 2635 540 2680 cervos
556 2613 678 2679 illudite
695 2614 818 2699 pennis,
1203 2634 1253 2683 475

160 2722 220 2767 nec
237 2701 337 2766 celate
354 2699 433 2766 cibis
449 2720 550 2765 uncos
565 2699 733 2764 fallacibus
749 2699 871 2763 hamos.

93 2864 95 2866 g
160 2786 296 2870 perdite,
314 2785 342 2851 si
358 2806 423 2870 qua
438 2794 566 2859 nocent,
584 2806 695 2849 verum
712 2782 792 2849 haec
808 2804 936 2866 quoque
952 2783 1076 2868 perdite
1093 2794 1231 2849 tantuma

160 2892 216 2935 ora
233 2880 348 2935 vacent
364 2868 467 2954 epulis
485 2868 697 2951 alimentaque
715 2868 804 2933 mitia
821 2867 972 2953 carpant’

203 2954 336 3019 Talibus
354 2964 451 3037 atque
468 2952 538 3017 aliis
554 2952 708 3018 instructo
726 2965 854 3038 pectore
871 2951 963 3016 dictis
1147 2969 1253 3038 Eparia

159 3038 193 3103 in
209 3038 344 3123 patriam
361 3059 520 3104 remeasse
537 3037 659 3114 ferunt,
678 3038 825 3121 ultroque
841 3037 977 3123 petitum
1202 3060 1254 3108 400

160 3122 319 3207 accepisse
336 3121 478 3187 Numam
494 3122 604 3208 populi
621 3122 755 3188 Latialis
773 3123 928 3188 habenas:

160 3208 295 3291 coniuge
313 3207 368 3289 qui
384 3207 463 3273 felix
479 3208 621 3295 nympha
638 3207 837 3292 ducibusque
856 3206 1006 3272 Camenis

160 3291 318 3357 sacrificos
336 3290 444 3356 docuit
461 3291 555 3372 ritus,
572 3303 765 3378 gentemque
782 3293 880 3359 feroci

159 3389 318 3442 assuetam
336 3376 421 3442 bello
439 3378 526 3464 pacis
543 3378 685 3444 traduxit
702 3379 744 3442 ad
761 3389 854 3445 artes.

159 3461 215 3546 qui
231 3473 402 3547 postquam
419 3462 524 3529 senior
540 3484 741 3548 regnumque
758 3484 936 3546 aevumque
953 3462 1087 3549 peregit,
1202 3485 1253 3535 485

159 3547 334 3613 extinctum
352 3546 529 3630 Latiaeque
545 3570 645 3613 nurus
662 3549 863 3633 populusque
880 3559 1049 3633 patresque

160 3632 316 3697 deflevere
334 3631 484 3697 Numam.
527 3655 602 3697 nam
619 3633 759 3698 coniunx
775 3634 855 3698 urbe
872 3633 982 3699 relicta

159 3717 250 3781 vallis
266 3715 417 3783 Aricinae
434 3716 540 3782 densis
556 3718 633 3783 latet
651 3718 760 3784 abdita
776 3719 873 3794 silvis,

159 3821 312 3883 sacraque
331 3796 487 3868 Oresteae
504 3814 620 3885 questu
636 3803 822 3889 gemituque
838 3803 966 3869 Dianae

158 3884 300 3970 impedit.
344 3884 377 3950 al
396 3887 541 3970 quotiens
558 3888 718 3974 nymphae
735 3889 936 3973 nemorisque
953 3890 1115 3977 lacusque,
1202 3906 1255 3957 490

158 3992 200 4034 ne
217 3970 352 4049 faceret,
369 3993 520 4037 monuere
538 3984 570 4037 et
586 3973 781 4038 consolantia
797 3974 896 4040 verba

159 4054 320 4124 dixeruml
338 4056 484 4145 quotiens
500 4056 588 4126 flenti
605 4058 761 4129 Theseius
778 4059 871 4130 heros
