2800 4500
238 241 301 316 tto
570 254 603 318 1³.
621 255 746 321 ovmn
762 255 926 318 0100100

237 386 369 452 collocat
386 382 469 451 hanc
486 385 590 450 stratis
609 384 730 451 concha
748 382 901 450 Sidonide
918 379 1024 448 tinctis

237 472 437 558 appellatque
454 471 515 535 tori
533 471 665 548 sociam,
683 470 900 554 acclinataque
917 470 999 534 colla

237 558 385 622 mollibus
401 557 434 620 in
452 556 582 643 plumis,
600 568 764 641 tamquam
781 578 927 632 sensura,
945 553 1079 640 reponit.

170 642 320 712 07010000
337 643 403 707 dies
421 642 555 709 Veneris
572 652 640 707 tota
656 641 860 707 celeberrima
878 638 987 726 Cypro

238 739 382 805 venerat,
400 738 432 793 et
448 727 561 828 pandis
578 727 729 792 inductae
746 727 894 792 cornibus
912 749 1026 791 aumm

237 813 440 880 conciderant
456 824 538 878 10000
555 812 651 878 nivea
667 811 790 878 cervice
806 811 970 889 iuvencae,

238 910 371 983 turaque
388 898 568 963 fumabant:
587 919 660 963 cum
677 919 808 964 munere
825 896 954 962 1000000
972 897 1014 962 ad
1031 918 1101 961 aras

238 984 377 1050 constitit
393 995 425 1050 et
442 983 551 1050 timide
569 983 622 1049 “si
640 983 672 1048 di
690 983 767 1049 dare
784 993 898 1049 cuncta
913 982 1055 1068 potestis,

170 1087 220 1136 275
239 1071 281 1136 sit
297 1070 449 1146 coniunx,
467 1067 668 1155 opto,'''(non
687 1091 784 1155 ausus
802 1068 967 1135 “eburnea
983 1065 1097 1154 virgo'’

238 1156 358 1242 dicere)
374 1155 566 1241 Pygmalion
582 1154 718 1220 “similis
735 1153 831 1220 mea’'
849 1154 929 1218 dixit
945 1151 1140 1219 “chamae''

238 1242 350 1326 sensit,
367 1250 404 1305 ut
419 1241 490 1325 ipsa
506 1240 572 1305 suis
590 1240 700 1306 aderat
716 1240 828 1306 Venus
846 1262 943 1305 aurea
959 1238 1060 1316 festis,

238 1339 313 1393 vota
329 1327 407 1411 quid
423 1327 478 1391 illa
493 1327 601 1391 velint.
645 1337 691 1402 et,
710 1324 804 1390 amici
820 1325 959 1389 numinis
977 1347 1080 1402 omen,

237 1413 366 1478 flamma
383 1423 431 1477 ter
447 1433 581 1476 accensa
598 1422 646 1477 000
662 1409 848 1496 apicemque
866 1433 923 1496 per
940 1416 1014 1475 ae'ra
1032 1408 1132 1475 duxit.

171 1515 222 1566 280
238 1510 274 1562 ut
291 1497 397 1574 rediit,
416 1496 585 1562 simulacra
601 1519 678 1562 0000
694 1497 774 1582 petit
790 1496 843 1561 ille
859 1497 985 1582 puellae

237 1583 487 1666 incumbensque
503 1594 572 1646 toro
590 1582 677 1647 dedit
694 1580 813 1647 oscula.
859 1581 925 1646 visa
941 1591 1049 1668 tepere
1066 1590 1124 1647 est.

239 1669 387 1734 admovet
403 1689 440 1732 os
455 1667 585 1745 iterum,
601 1666 750 1732 manibus
766 1688 894 1751 quoque
910 1678 1041 1752 pectora
1056 1675 1204 1753 temptata

239 1764 426 1840 temptatum
442 1753 597 1818 mollescit
614 1752 703 1831 ebur,
719 1753 885 1841 positoque
902 1753 1007 1838 rigore

239 1839 375 1905 subsidit
391 1839 422 1903 di
447 1839 499 1904 'tis
516 1839 677 1923 ceditque,
693 1850 732 1904 ut
747 1838 916 1924 Hymettia
931 1838 998 1904 sole

171 1942 221 1992 285
239 1948 312 1991 cera
328 1948 415 1990 remo
439 1924 518 1991 escit
534 1935 731 2009 tractataque
747 1923 861 2010 pollice
877 1924 994 1989 multas

238 2010 374 2077 flectitur
388 2011 423 2075 in
439 2010 537 2076 100100
553 2011 687 2111 ipsoque
704 2011 741 2076 fit
756 2010 842 2074 utilis
858 2032 930 2076 usu.

240 2098 315 2162 dum
333 2107 438 2183 stupet
455 2107 485 2162 et
502 2095 599 2161 dubre
616 2096 736 2182 gaudet
753 2094 884 2179 fallique
901 2106 1037 2173 veretur,

238 2205 348 2247 rursus
366 2204 475 2247 amans
492 2204 664 2267 rursusque
681 2204 779 2246 manu
796 2204 855 2245 sua
871 2192 946 2247 vota
962 2191 1125 2247 retractat:

239 2290 353 2356 corpus
371 2280 453 2345 erat,
471 2268 588 2333 saliunt
605 2278 778 2354 temptatae
794 2267 908 2354 pollice
925 2290 1036 2334 venae.

172 2373 222 2423 290
240 2366 307 2419 tum
325 2376 400 2419 vero
417 2353 562 2440 Paphius
578 2352 762 2438 plenissima
779 2353 915 2440 concipit
931 2353 1024 2418 heros

240 2439 352 2517 verba,
370 2439 486 2523 quibus
504 2439 622 2505 Veneri
639 2449 746 2524 grates
764 2448 852 2525 agat,
870 2458 989 2522 oraque
1007 2438 1135 2503 tandem

239 2546 293 2590 ore
312 2546 369 2589 suo
386 2544 451 2589 non
468 2524 548 2588 falsa
565 2523 689 2610 premit.
733 2523 871 2607 dataque
887 2524 996 2589 oscula
1013 2524 1104 2609 virgo

239 2610 350 2687 sensit,
368 2620 401 2675 00
418 2610 559 2685 00011010,
577 2609 785 2693 timidumque
804 2609 845 2674 ad
862 2609 982 2674 lumina
998 2609 1106 2674 lumen

239 2696 385 2761 attollens
402 2695 519 2781 pariter
536 2717 609 2760 cum
626 2695 714 2760 caelo
732 2694 812 2760 vidit
828 2706 997 2778 amantem.

171 2801 222 2851 000
241 2780 403 2866 coniugio,
420 2780 506 2865 quod
523 2780 613 2856 10010,
631 2780 721 2846 adest
738 2780 808 2845 dea.
851 2781 979 2864 iamque
996 2779 1113 2846 coactis

239 2866 388 2931 cornibus
404 2865 438 2929 in
455 2866 584 2952 plenum
601 2866 733 2931 noviens
751 2865 915 2931 lunaribus
932 2866 1042 2931 orbem

238 2951 294 3017 illa
310 2951 446 3038 Paphon
463 2951 589 3038 genuit,
607 2951 647 3017 de
663 2972 727 3036 qua
746 2962 831 3017 tenet
847 2950 952 3016 insula
968 2972 1094 3017 nomen.

282 3037 398 3102 Editus
416 3036 478 3102 hac
494 3035 547 3102 ille
565 3048 627 3115 est,
645 3036 716 3121 001,
735 3036 763 3101 si
780 3037 848 3103 sine
864 3037 953 3122 prole
969 3036 1093 3113 1010000,
1143 3054 1263 3124 aquea

238 3122 321 3188 inter
337 3122 446 3188 felices
464 3119 601 3207 Cinyras
618 3123 774 3272 pptuisset
790 3122 910 3187 haberi.

171 3229 222 3279 eoo
240 3208 308 3273 dira
325 3229 448 3273 canam.
492 3208 602 3293 prooul
643 3209 694 3272 'nc
711 3219 820 3284 natae,
838 3209 948 3293 procul
966 3218 1032 3274 este
1049 3208 1211 3294 parentes!

238 3305 309 3371 aut,
327 3316 399 3359 mea
416 3294 443 3359 si
459 3304 580 3359 vestras
598 3293 782 3358 mulcebunt
799 3293 939 3357 carmina
955 3304 1088 3371 mentes,

239 3379 320 3445 desit
337 3379 371 3443 in
388 3379 448 3444 hac
465 3379 543 3443 mihi
559 3389 649 3465 parte
667 3378 760 3456 fides,
778 3401 838 3443 nec
855 3379 974 3445 credite
991 3380 1126 3446 factum:

238 3465 304 3542 vel,
323 3464 349 3529 si
367 3464 514 3541 credetis,
532 3464 609 3529 facti
627 3484 754 3549 quoque
772 3463 889 3530 credite
907 3487 1053 3549 poenam.

239 3550 267 3614 si
284 3561 390 3615 tamen
407 3550 580 3615 admissum
598 3549 673 3614 sinit
688 3549 750 3614 hoc
767 3550 891 3614 Natura
907 3550 1017 3627 videri,

171 3655 221 3705 000
239 3635 388 3721 gentibus
405 3635 547 3701 Ismariis
565 3647 596 3702 et
612 3645 720 3700 nostro
798 3636 881 3700 tulor
897 3636 977 3712 orbi,

238 3720 381 3806 gratulor
396 3719 471 3786 huic
488 3731 605 3797 terrae,
623 3720 709 3805 quod
726 3743 746 3785 a
769 3731 817 3786 est
833 3721 1015 3806 regionibus
1033 3720 1105 3799 illis,

238 3826 321 3889 quae
338 3816 462 3870 tanturn
479 3828 618 3892 genuere
636 3806 736 3871 nefas.
780 3806 821 3872 sit
838 3807 926 3872 dives
944 3828 1080 3885 amomo,

239 3890 448 3974 cinnamaque
467 3903 652 3976 costumque
671 3913 765 3955 suum
782 3892 959 3976 sudataque
976 3892 1063 3978 ligno

239 3985 312 4040 tura
328 3975 410 4040 ferat
426 3976 583 4059 floresque
601 3976 679 4042 alios
697 3976 861 4042 Panchaia
878 3979 982 4054 tellus,

172 4078 223 4130 010
240 4059 316 4124 dum
333 4059 415 4126 ferat
432 4072 465 4127 et
481 4083 630 4127 murram.
674 4062 754 4126 tanti
770 4084 855 4128 nova
870 4084 936 4129 non
952 4062 1014 4128 fuit
1031 4062 1135 4128 arbor.
