2800 4500
295 239 662 339 unrauoarnosaou
677 273 753 334 nna
771 277 835 335 xv.
854 273 999 332 arr-404.
1093 255 1157 328 263

135 406 163 473 si
179 428 246 492 qua
260 404 339 471 fides
356 405 452 470 rebus
469 415 575 470 tamen
593 413 642 468 est
659 399 806 466 addenda
822 398 974 485 probatis,

134 514 240 557 nonne
258 491 361 569 vides,
379 509 598 573 quaecumque
616 508 706 552 mora
722 485 859 550 fluidove
877 485 982 549 calore

136 598 268 661 corpora
284 574 458 651 tabuerint,
475 575 509 638 in
526 595 626 659 parva
643 568 793 636 animalia
809 569 907 635 verti?

134 660 145 727 i
164 681 302 745 quoque,
321 661 459 725 delectos
476 668 631 724 mactatos
648 656 748 720 obrue
765 666 887 720 tauros:
904 689 950 700 —-

135 746 262 831 cognita
278 768 329 810 res
346 767 407 810 usu
424 778 468 790 --
484 743 524 809 de
541 741 627 828 putri
643 741 765 807 viscere
781 739 900 826 passim

134 831 295 915 florilegae
312 842 485 895 nascuntur
502 852 521 892 a
545 851 593 903 es,
610 849 694 910 quae
711 846 799 890 more
816 835 984 910 parentum

134 938 209 981 rura
226 915 334 980 colunt
350 912 501 1000 operique
517 850 627 977 livent
643 912 677 976 in
694 931 847 1059 spemque
863 909 1019 973 laborant.

134 1022 262 1087 pressus
280 1000 378 1065 humo
395 998 527 1063 bellator
544 1019 644 1081 equus
662 1018 717 1061 ora
739 995 824 1060 ronis
842 995 930 1080 origo
949 1004 1006 1060 est.

136 1106 275 1150 concava
291 1085 402 1150 litoreo
421 1082 447 1147 si
465 1083 574 1148 demas
591 1079 740 1147 bracchia
757 1101 882 1157 cancro,

135 1181 240 1235 cetera
258 1190 418 1254 supponas
435 1179 552 1243 terrae,
571 1166 610 1232 de
626 1176 718 1266 parte
736 1164 859 1250 sepulta

135 1254 277 1339 scorpius
295 1252 392 1318 exibit
411 1252 576 1335 caudaque
592 1250 766 1315 mrnabitur
782 1272 875 1315 unca.

136 1359 281 1422 quaeque
299 1338 401 1402 solent
422 1337 510 1405 canis
527 1336 656 1402 frondes
673 1336 814 1400 intexere
831 1335 892 1400 filis
961 1398 964 1403 4

136 1434 277 1508 agrestes
294 1422 398 1491 tineae
416 1457 460 1469 -
476 1444 526 1487 res
544 1421 712 1486 observata
729 1420 848 1486 colonis
864 1456 909 1467 -

135 1507 227 1573 ferali
243 1518 368 1572 mutant
385 1529 458 1572 cum
475 1506 634 1606 papilione
651 1506 798 1592 figuram.

137 1592 257 1667 semina
273 1592 368 1657 limus
384 1591 482 1657 habet
498 1592 615 1657 virides
632 1591 817 1676 generantia
834 1613 927 1656 ranas

136 1689 169 1741 et
185 1689 317 1763 generat
332 1688 461 1746 truncas
478 1677 628 1763 pedibus,
646 1698 722 1741 mox
739 1688 814 1762 apta
830 1676 969 1741 natando

136 1784 230 1826 crura
247 1762 315 1839 dat,
333 1774 433 1846 utque
450 1762 560 1827 eadem
579 1763 642 1826 sint
658 1760 762 1846 longis
780 1762 912 1826 saltibus
930 1771 1016 1847 apta,

135 1847 291 1932 posterior
308 1858 436 1933 superat
452 1858 558 1933 partes
575 1868 724 1911 mensura
740 1846 871 1930 priores.

134 1954 195 1997 nec
213 1932 352 2007 catulus,
369 1942 462 2016 partu
480 1952 575 2014 quem
592 1929 730 1994 reddidit
745 1952 821 1994 ursa
836 1929 965 2005 recenti,

139 2017 194 2082 sed
211 2017 293 2081 male
310 2017 384 2080 viva
402 2036 474 2080 caro
493 2027 554 2080 est:
572 2013 742 2079 lambendo
760 2025 861 2078 mater
877 2015 911 2078 in
929 2025 1015 2078 artus

136 2100 229 2184 fingit
246 2101 327 2164 etin
344 2099 495 2174 formam,
513 2109 665 2183 quantam
683 2098 769 2182 capit
784 2099 869 2183 ipsa,
885 2098 1018 2162 reducit.

136 2206 241 2250 nonne
258 2184 361 2261 vides,
380 2203 459 2268 quos
478 2205 550 2250 cera
566 2184 645 2269 tegit
663 2184 838 2269 sexangula
854 2183 938 2247 fetus

136 2269 361 2334 melliferarum
378 2268 501 2354 apium,
519 2269 587 2335 sine
605 2267 754 2333 membris
772 2290 904 2353 corpora
920 2269 1009 2333 nasci

137 2368 170 2420 et
187 2375 336 2439 serosque
352 2355 449 2439 pedes
467 2375 616 2437 serasque
634 2376 797 2420 assumere
812 2355 952 2439 pennas?

136 2439 268 2504 Iunonis
285 2440 461 2516 volucrem,
479 2462 561 2524 quae
578 2438 802 2516 caudasidera
818 2450 934 2524 portat,

137 2524 394 2609 armigerumque
410 2523 497 2590 Iovis
515 2521 808 2609 Cythereiadasque
825 2524 988 2590 columbas

138 2620 171 2673 et
186 2631 288 2694 genus
306 2630 399 2674 omne
417 2610 524 2675 avium
541 2609 654 2674 mediis
671 2631 690 2674 e
707 2609 851 2695 partibus
868 2609 929 2685 ovi,

137 2693 171 2758 ni
188 2694 281 2759 sciret
297 2694 379 2771 fieri,
396 2694 468 2776 quis
483 2694 572 2759 nasci
588 2716 683 2779 posse
699 2695 843 2780 putaret?

28 2847 30 2850 ,
137 2790 211 2843 sunt
227 2778 297 2862 qui,
315 2801 388 2844 cum
406 2779 513 2844 clauso
530 2779 710 2863 putrefacta
726 2790 774 2843 est
790 2779 882 2864 spina
899 2780 1054 2864 sepulcro,

96 2870 97 2873 ’
137 2863 253 2928 mutari
270 2864 399 2928 credant
415 2863 570 2928 humanas
587 2886 692 2949 angue
710 2863 875 2928 medullas.

137 2947 217 3011 haec
234 2959 340 3013 tamen
357 2970 397 3012 ex
415 2947 485 3012 aliis
502 2948 627 3033 generis
644 2948 817 3032 primordia
834 2948 968 3025 ducunt3

138 3055 202 3096 una
219 3042 287 3117 est,
302 3053 384 3116 quae
401 3043 526 3118 reparet
543 3034 729 3118 sequeqipsa
745 3034 927 3111 reseminet,
946 3034 1026 3098 ales:

137 3116 264 3200 Assyrii
280 3117 436 3202 phoenica
452 3129 577 3183 vocant.
620 3139 680 3182 nec
696 3118 791 3203 fruge
807 3138 912 3201 neque
929 3118 1046 3195 herbis,

139 3201 195 3265 sed
212 3201 290 3265 turis
307 3202 444 3267 lacrimis
462 3214 494 3268 et
511 3224 587 3267 suco
605 3203 684 3268 vivit
700 3203 827 3268 amomi.
1146 3216 1149 3220 ’

137 3285 217 3350 haec
234 3286 289 3350 ubi
306 3287 446 3370 quinque
464 3311 541 3353 suae
558 3287 729 3374 complevit
745 3290 872 3355 saecula
889 3288 983 3366 vitae,

137 3370 216 3435 ilicis
233 3369 267 3434 in
284 3371 380 3435 ramis
397 3373 590 3438 tremulaeve
607 3373 771 3439 cacumine
788 3374 914 3459 palmae

136 3455 298 3541 unguibus
316 3468 348 3521 et
364 3479 445 3542 puro
463 3458 575 3532 nidum>
591 3457 652 3523 sibi
670 3459 823 3523 construit
839 3481 903 3525 ore.

137 3561 201 3622 quo
219 3540 313 3605 simul
331 3563 369 3606 ac
386 3542 487 3608 casias
505 3554 537 3608 et
553 3543 644 3608 nardi
661 3544 741 3609 lenis
758 3543 871 3609 aristas

136 3645 315 3709 quassaque
333 3647 405 3690 cum
423 3627 512 3692 fulva
528 3629 700 3694 substravit
716 3629 862 3694 cinnama
879 3653 997 3710 murra,

136 3731 171 3775 se
189 3709 434 3858 superimponit
450 3712 582 3797 finitque
598 3713 631 3778 in
648 3713 799 3779 odoribus
816 3738 940 3780 aevum.

135 3793 210 3859 inde
241 3805 347 3872 erunt,
365 3796 496 3862 totidem
513 3797 569 3882 qui
585 3798 691 3864 vivere
709 3798 824 3864 debeat
841 3823 950 3879 annos,

136 3900 266 3964 corpore
285 3878 325 3945 de
342 3882 444 3966 patrio
461 3904 595 3968 parvum
611 3882 769 3970 phoenica
784 3885 917 3950 renasci.

136 3985 208 4027 cum
227 3964 314 4029 dedit
330 3965 404 4030 huic
421 3978 508 4034 aetas
525 3967 623 4046 vires,
642 3969 792 4052 onerique
808 3969 938 4036 ferendo
956 3983 1014 4050 est,

136 4049 328 4137 ponderibus
345 4051 411 4139 nidi
426 4075 539 4138 ramos,
549 4054 635 4147 levat
652 4054 773 4136 arboris
791 4055 887 4134 altae
986 4126 988 4128 ,
