2800 4500
232 268 294 337 176
564 282 598 338 Ρ.
617 281 742 341 OVlDII
758 279 921 340 NASONIS

226 407 448 497 piscosamque
467 402 599 471 Gnidon
616 407 823 493 gravidamve
840 403 1041 471 Amathunta
1058 402 1209 481 metallis3

228 491 366 558 abstinet
382 501 414 557 et
431 493 534 557 caelo:
553 493 641 557 eaelo
658 492 836 578 praefertur
852 491 987 572 Adonis.

228 577 313 642 huno
330 588 430 654 tenet,
449 577 523 641 huio
541 598 646 662 eomes
661 589 722 655 est,
741 584 930 661 assuetaque
949 599 1073 664 semper
1089 575 1123 642 in
1139 575 1254 642 umbra

159 696 161 701 ·
227 662 393 749 indulgere
410 662 471 727 sibi
487 662 686 812 formaffqu'e
704 684 823 748 augere
841 663 983 740 colendo,
1245 682 1246 685 ’

160 767 210 817 555
228 771 285 832 per
301 748 392 833 iuga,
409 770 467 833 per
484 748 579 812 silvas
620 769 794 832 umosaque
812 771 890 813 saxa
906 759 1052 834 vagatur,

227 833 290 899 fine
308 856 410 919 genus
428 843 549 898 vestem
567 833 629 898 ritu
647 835 809 898 suooinota
826 833 966 899 Dianae:

227 918 434 1002 hortaturque
453 940 562 983 sanes:
581 928 731 1002 tutaeque
749 919 898 984 animalia
914 919 1050 1005 praedae

228 1015 284 1068 aut
300 1025 416 1091 pronos
434 1004 559 1089 lepores
578 1015 633 1069 aut
650 1005 770 1069 oelsum
787 1005 821 1069 in
839 1026 957 1070 cornua
975 1027 1103 1070 cervum

228 1099 285 1154 aut
301 1089 402 1174 agitat
419 1089 578 1154 dammas:
597 1112 616 1153 a
633 1088 769 1154 fortibus
787 1090 924 1155 abstinet
941 1089 1035 1176 apris,
1063 1121 1079 1131 ·>

160 1197 210 1246 540
227 1184 431 1261 raptoresque
449 1174 541 1259 lupos
559 1185 759 1259 armatosque
777 1176 938 1261 unguibus
956 1197 1047 1241 ursos

228 1260 307 1326 vitat
324 1270 355 1325 et
372 1260 506 1325 armenti
523 1271 679 1325 saturatos
697 1260 794 1326 caede
810 1262 928 1327 leones.

227 1356 259 1411 te
277 1366 418 1429 quoque,
435 1356 472 1409 ut
488 1344 545 1410 hos
563 1345 690 1423 timeas,
710 1346 736 1410 si
754 1346 830 1429 quid
848 1346 998 1432 prodesse
1016 1347 1174 1412 monendo

227 1431 341 1516 possit,
357 1430 480 1508 Adoni,
498 1442 605 1496 monet
623 1431 827 1515 “fortis''que
845 1431 1039 1518 “fugacibus
1057 1433 1149 1498 esto’'

169 1529 170 1532 ’
227 1515 344 1600 inquitr
363 1515 421 1580 “in
439 1515 576 1581 audaces
593 1538 657 1581 non
675 1528 724 1582 est
741 1517 874 1582 audacia
892 1528 969 1582 tuta.

160 1623 210 1673 545
227 1623 322 1687 paroe
340 1623 421 1680 meo,
439 1601 577 1680 iuvenis,
595 1602 780 1667 temerarius
797 1624 866 1668 esse
883 1602 1016 1688 periolo:

227 1709 308 1752 neve
325 1686 423 1764 feras,
441 1687 556 1771 quibus
574 1710 663 1753 arma
680 1687 768 1752 dedit
784 1697 911 1764 natura,
929 1690 1059 1766 lacesse,

228 1783 287 1838 stet
305 1772 383 1837 mihi
399 1795 440 1838 ne
458 1794 576 1858 magno
593 1783 650 1839 tua
666 1773 778 1859 gloria.
822 1795 886 1838 non
903 1784 1010 1840 movet
1027 1786 1114 1842 aetas

227 1880 287 1924 neo
303 1857 401 1923 facies
418 1874 493 1935 neo,
511 1879 594 1942 quae
611 1858 771 1926 Venerem
789 1881 930 1937 movere,
948 1861 1055 1925 leones

229 1943 463 2030 saetigerosque
481 1966 554 2009 sues
572 1943 744 2028 ooulosque
762 1945 947 2028 animosque
964 1945 1114 2012 ferarum.

161 2050 212 2101 550
229 2028 351 2094 fulmen
369 2029 488 2095 babent
505 2051 593 2096 aeres
610 2029 643 2094 in
661 2030 794 2096 adunois
812 2030 959 2096 dentibus
976 2030 1060 2117 apri:

227 2115 366 2200 impetus
384 2126 431 2180 est
448 2114 544 2181 fulvis
562 2125 594 2181 et
611 2126 702 2181 vasta
718 2115 863 2182 leonibus
880 2116 941 2180 ira:

227 2184 524 2285 invisumque'mihi
541 2224 643 2288 genus
660 2201 738 2268 est.”
782 2223 864 2287 quae
882 2225 993 2281 oausa,
1011 2203 1136 2291 roganti
1249 2210 1252 2215 ’

140 2308 169 2333 ⁴
228 2287 382 2353 “dicam'’
401 2288 460 2364 ait3
479 2293 536 2352 “et
552 2287 667 2354 veteris
684 2299 861 2354 monstrum
879 2289 1033 2355 mirabere
1052 2291 1174 2377 eulpae.

228 2373 284 2439 sed
300 2373 391 2437 labor
407 2372 551 2438 insolitus
568 2372 632 2438 iam
650 2396 702 2439 me
719 2374 858 2439 lassavit.
902 2385 934 2440 et
952 2397 1026 2441 eooe

160 2477 209 2527 555
228 2469 405 2546 opportuna
422 2481 480 2523 sua
497 2457 657 2524 blanditur
671 2460 812 2608 populus
829 2460 953 2538 umbra,

229 2544 347 2628 datque
364 2554 469 2608 torum
486 2543 671 2631 oaespeszli
694 2555 726 2610 et
743 2544 1018 2629 haorequiesoere
1035 2545 1181 2612 teoum:”

163 2674 181 2706 Α,
228 2640 260 2695 et
276 2626 432 2730 requieplt
448 2628 546 2694 humo
563 2629 739 2715 pressitque
757 2640 789 2695 et
806 2652 937 2716 gramm
955 2642 987 2697 et
1003 2632 1118 2718 ipsum,

228 2715 330 2799 inque
342 2713 413 2779 sinu
430 2714 553 2780 iuvenis
570 2715 673 2801 posita
690 2716 812 2805 oervioe
829 2712 974 2783 reclinis'

228 2801 275 2865 sio
293 2800 349 2876 ait,
368 2822 406 2866 ao
422 2800 534 2865 mediis
552 2800 711 2866 interserit
728 2802 836 2867 oscula
846 2803 969 2886 uerbis.

160 2869 386 2957 srod‘forsitan
404 2886 540 2951 audieris
558 2886 697 2971 aliquam
715 2881 885 2953 certamine
902 2909 1013 2954 oureus
1068 2888 1255 2969 (struantur

228 2972 353 3037 veloces
371 2993 537 3058 superasse
555 2972 649 3037 viros.
692 2993 756 3038 non
775 2972 885 3039 fabula
901 2995 1009 3038 rumor
1057 2957 1251 3028 HWWmd

228 3056 281 3123 ille
298 3054 563 3142 fuit,(superabat
580 3057 689 3140 enim),
707 3080 766 3124 neo
784 3058 888 3124 dicere
905 3081 1024 3145 posses,

228 3141 323 3208 laude
340 3142 472 3243 pedum,
490 3142 652 3209 formaene
669 3143 754 3208 bono
771 3144 980 3230 praestantior
997 3155 1088 3210 esset.

228 3228 354 3293 scitantr
371 3227 449 3293 deus
467 3227 541 3293 buio
559 3228 599 3293 de
617 3229 710 3294 ooniu
735 3251 752 3293 e
770 3229 976 3315 “‘ooniuge'''
995 3230 1075 3296 dixit

160 3332 210 3382 555
228 3313 309 3378 “‘nil
326 3334 406 3398 opus
424 3313 670 3391 est,'Atalanta‚
688 3251 756 3378 tibi.
799 3314 876 3399 fuge
894 3314 1038 3400 ooniugis
1055 3339 1159 3383 usum.

227 3421 287 3465 neo
303 3409 410 3463 tamen
428 3398 576 3484 effugies,
595 3398 777 3493 terpressipsa
793 3398 875 3480 viva
884 3401 1046 3478 carebis.’'’

227 3484 336 3549 territa
353 3495 435 3550 sorte
453 3483 505 3549 dei
521 3506 579 3569 per
596 3492 711 3570 opaoas
728 3484 849 3550 innuba
866 3484 961 3551 siluas

227 3568 305 3634 vivit
323 3580 355 3634 et
371 3569 539 3635 instantem
557 3570 682 3634 turbam
700 3570 839 3635 violenta
855 3592 1023 3656 procorum

173 3695 175 3698 -
229 3654 412 3719 oondioione
429 3654 536 3740 fugat,
554 3661 649 3721 “‘neo
666 3677 737 3720 sum
755 3655 913 3741 potienda,
939 3657 1034 3723 nisi”'
1052 3658 1153 3743 inquit

159 3759 211 3809 550
229 3739 348 3803 “‘viota
365 3740 452 3825 prius
470 3761 575 3805 eursu.
618 3740 756 3826 pedibus
772 3742 950 3807 oontendite
966 3766 1110 3826 meeum.-

227 3824 368 3910 praemia
385 3825 486 3890 veloci
504 3825 642 3890 coniunx
659 3826 853 3910 thalamique
870 3827 1043 3894 dabuntur:

214 3931 313 4009 pnors
330 3909 465 3994 pretium
483 3910 590 3976 tardis.
634 3933 671 3977 ea
688 3912 742 3977 lex
759 3913 937 3979 certaminis
955 3914 1064 3979 esto.’'’

227 3993 281 4059 illa
298 3993 426 4078 quidem
443 3994 586 4061 immitis:
606 3996 662 4062 sed
679 3995 782 4080 (tanta
798 3999 939 4083 potentia
956 3999 1076 4065 formae
1095 4002 1158 4087 est)

170 4123 174 4128 ἡ
228 4078 313 4146 venit
331 4079 372 4145 ad
390 4077 472 4145 hano
488 4081 592 4167 legem
610 4083 889 4149 temerariaturba
905 4106 1082 4171 procorum.
