2800 4500
216 276 585 335 uurmourflosuou
600 277 675 334 um.
692 276 730 333 x.
744 278 889 335 ror-raa.
906 279 959 335 xr.
972 280 1066 336 1-51.
1093 249 1158 332 181'

131 399 213 467 vatis
229 401 263 465 A
305 399 391 466 llinei
408 400 531 466 vocalia
547 400 633 466 misit
649 400 683 465 in
698 422 770 465 ora:

131 508 214 571 quae
231 486 264 551 fo
277 486 315 551 ”s
331 497 482 573 praesuta
497 497 606 552 notam
623 486 691 552 sine
709 486 840 551 vulnere
857 485 942 552 fecit.

131 571 259 637 alterius
276 571 375 637 telum
391 571 472 657 lapis
490 582 553 650 est,
570 570 626 655 qui
642 570 758 637 missus
775 571 895 656 inipso

131 663 203 722 ae're
222 667 377 722 concentu
394 656 497 722 victus
515 657 665 740 vocisque
682 656 693 721 l
772 677 835 741 que
852 666 910 734 est,

131 764 170 807 ac
185 741 284 807 veluti
301 742 436 842 supplex
452 765 510 829 pro
527 753 593 807 tam
610 678 777 807 furiahhlres
794 741 880 807 ausis

130 838 204 893 ante
221 827 320 913 pedes
336 828 444 893 iacuit.
489 828 545 893 sed
562 827 647 892 enim
664 827 832 904 temeraria
848 839 994 894 crescunt

129 913 228 990 bella,
244 912 422 996 modusque
439 912 530 991 abiit,
547 912 723 997 insanaque
739 923 853 998 regnat
869 912 997 999 Erinys.

130 1009 307 1083 cunctaque
325 998 388 1063 tela
404 998 510 1064 forent
526 1008 622 1063 cantu
639 998 774 1063 mollita:
792 998 850 1063 sed
865 998 979 1086 ingens

129 1083 249 1149 elamor
266 1094 298 1148 et
314 1082 430 1148 inflexo
440 1084 631 1170 Berecyntia
648 1083 727 1148 tibia
744 1104 843 1148 cornu

129 1179 344 1255 tympanaque
362 1179 394 1234 et
410 1169 542 1255 plausus
559 1179 592 1234 et
607 1168 748 1234 Bacchei
763 1168 903 1234 ululatus

129 1254 335 1340 obstrepuere
352 1274 430 1319 sono
448 1253 596 1320 citharae.
641 1265 710 1319 tum
727 1253 863 1340 denique
880 1277 959 1320 saxa

128 1361 194 1405 non
211 1337 354 1404 exauditi
369 1339 546 1405 rubuerunt
563 1339 719 1426 sanguine
736 1339 828 1405 vatis.

129 1445 168 1490 ao
183 1424 321 1511 primum
339 1425 487 1490 attonitas
504 1425 679 1491 etiamnum
697 1446 776 1491 vooe
793 1426 935 1492 canentis

128 1510 310 1575 innumeras
326 1511 472 1576 volucres
576 1532 675 1596 esque
692 1532 872 1598 agmenque
888 1511 1029 1578 ferarum

129 1594 320 1673 Maenades,
338 1592 462 1682 Orphei
479 1596 503 1661 ti
550 1619 621 1674 um,
638 1618 789 1682 rapuere,
806 1597 935 1662 theatriz

127 1681 202 1746 inde
219 1681 390 1746 amentatis
406 1691 574 1748 vertuntur
589 1682 622 1746 in
641 1680 775 1767 Orphea
792 1682 911 1750 dextris

127 1778 160 1832 et
177 1771 303 1843 coeunt,
320 1776 357 1831 ut
373 1789 464 1845 aves,
482 1767 509 1832 si
526 1766 654 1852 quando
670 1768 744 1834 luce
760 1780 932 1854 vagantem

127 1851 229 1917 noctis
246 1874 339 1917 avem
356 1863 498 1917 cernunt.
542 1862 726 1937 sanctoque
743 1852 902 1938 utrimque
918 1852 1042 1920 theatro

128 1958 188 2003 ceu
205 1937 361 2001 matutina
378 1959 491 2003 cervus
507 1936 667 2023 periturus
684 1938 805 2003 harena

126 2022 246 2108 praeda
262 2043 378 2087 eanum
395 2032 458 2099 est,
475 2032 644 2107 vatemque
659 2033 773 2108 petunt
790 2033 823 2089 at
837 2024 951 2091 fronde
968 2025 1105 2092 virentes

128 2106 287 2172 coniciunt
304 2106 445 2191 thyrsos,
462 2129 527 2172 nou
543 2106 624 2172 haee
638 2106 673 2172 in
689 2130 822 2174 munera
838 2109 949 2175 factos.

127 2191 188 2258 hae
204 2191 350 2278 glaebas,
368 2191 440 2258 illae
466 2191 604 2279 direptos
622 2193 735 2259 arbore
751 2215 866 2273 ramos,

126 2300 200 2427 pars
218 2288 366 2361 torquent
382 2277 494 2344 silices.
537 2301 607 2345 neu-
619 2278 724 2345 desint
739 2281 804 2345 tela
820 2280 940 2358 furori,²

141 2374 208 2428 orte
225 2362 323 2428 boves
340 2384 450 2448 presso
467 2363 538 2430 subi
562 2365 658 2430 ebant
675 2384 803 2431 vomere
819 2376 945 2443 terram

126 2470 187 2514 nec
202 2448 315 2535 procul
330 2447 405 2514 hinc
421 2449 521 2515 multo
591 2461 678 2515 ctum
695 2451 810 2517 sudore
827 2464 974 2537 parantes

127 2534 208 2599 dura
223 2533 369 2615 lacertosi
386 2534 551 2601 fodiebant
567 2557 645 2600 arva
661 2536 775 2601 coloni.

126 2619 253 2706 agmine
269 2620 325 2703 qui
342 2620 411 2685 viso
428 2620 556 2706 fugiunt
573 2621 741 2707 operisque
757 2622 941 2706 relinquunt

125 2727 215 2771 arma
230 2704 294 2769 sui:
317 2726 498 2789 vacuosque
513 2706 619 2773 iacent
636 2707 779 2792 dispersa
794 2730 852 2793 per
868 2729 962 2794 agros

125 2790 313 2874 sarculaque
329 2790 487 2874 rastrique
503 2813 618 2877 graves
635 2791 787 2878 longique
802 2793 936 2879 ligones.

125 2897 207 3025 q'uae
223 2885 393 2961 postquam
410 2898 543 2962 rapuere
559 2876 663 2954 ferae,
680 2898 842 2962 cornuque
859 2878 999 2945 minaces

148 2959 283 3025 'vulsere
300 2961 413 3040 boves,
431 2961 472 3026 ad
490 2961 571 3026 vatis
588 2962 656 3026 fata
671 2974 847 3040 recurrunt,

124 3044 370 3130 tendentemque
387 3069 500 3112 manus
518 3056 613 3131 atque
630 3047 685 3111 illo
701 3059 844 3133 tempore
860 3048 999 3134 primum

123 3129 213 3194 irrita
231 3130 387 3196 dicentem
403 3154 463 3197 nec
480 3132 651 3217 quicquam
667 3153 746 3198 voce
764 3145 943 3200 moventem

125 3214 296 3300 sacrilegae
313 3216 487 3301 perimunt3
505 3237 624 3303 perque
641 3239 691 3294 os,
709 3238 767 3303 pro
785 3218 943 3305 Iuppiter!
961 3220 1040 3286 illud

125 3299 269 3364 auditum
286 3300 371 3365 saxis
388 3301 645 3385 intellectumque
662 3303 803 3369 ferarum

124 3385 269 3449 sensibus
286 3385 320 3451 in
337 3396 448 3452 ventos
466 3387 571 3452 anima
588 3388 714 3453 exalata
729 3390 869 3455 recessit

123 3481 156 3535 te
172 3481 312 3535 maestae
328 3470 486 3548 volucres,
504 3470 653 3573 Orpheu‚
672 3483 704 3539 te
721 3475 815 3539 turba
831 3476 980 3554 ferarum,

123 3566 155 3619 tc
172 3554 267 3639 rigidi
284 3555 401 3633 edices,
419 3567 451 3621 te
468 3578 608 3622 carmma
624 3581 678 3624 sae
701 3582 720 3624 e
737 3570 864 3625 secutae

122 3640 278 3705 fleverunt
295 3641 407 3717 silvae3
424 3641 535 3741 positis
551 3654 584 3708 te
599 3582 766 3709 frondibus
784 3646 878 3710 arbor

122 3736 214 3789 tonsa
231 3746 354 3790 comam
371 3726 461 3790 luxrt.
503 3726 640 3793 lacrimis
656 3750 785 3813 quoque
802 3730 933 3796 flumina
950 3733 1059 3799 dicunt

121 3810 292 3876 increvisse
310 3811 391 3888 suis3
409 3809 608 3895 obscuraque
625 3815 758 3879 carbasa
774 3816 862 3901 pullo

121 3894 241 3960 Naides
258 3908 290 3960 et
307 3896 456 3982 Dryades
471 3917 645 3982 passosque
661 3899 802 3965 habuere
820 3923 857 3966 ca
879 3901 959 3968 illos.

33 4047 37 4058 ‚
121 3981 264 4045 membra
280 3980 384 4047 iacent
400 3981 526 4048 diversa
543 3982 630 4048 locis.
673 3997 783 4071 caput,
801 3924 925 4064 Hehre,
943 3988 1107 4078 lyramque
1158 4011 1192 4065 50

119 4064 254 4155 excipis:
272 4077 317 4147 et,
335 4065 465 4135 mirum!
483 4067 588 4137 medio
606 4068 683 4137 dum
698 4070 817 4140 labitur
834 4095 937 4153 amne,
1203 4099 1204 4102 ¹
