2800 4500
323 285 691 344 METAMORPHOSEON
708 285 781 342 121ss.
799 285 852 342 111.
869 285 999 342 42-129.
1126 269 1167 339 41

147 424 296 501 coeperat
313 423 346 477 et
362 409 478 476 virides
497 410 663 496 aspergine
681 409 818 476 tinxerat
835 409 963 475 herbas:

148 501 206 567 sed
222 500 293 565 leve
310 497 426 563 vulnus
443 507 525 574 erat,
543 497 618 580 quia
635 518 669 561 se
686 495 868 563 retrahebat
884 495 926 560 ab
943 496 1008 561 ictu

147 588 299 668 laesaque
317 582 398 648 eolla
415 582 511 646 dabat
527 592 611 647 retro
628 582 820 668 plagamque
837 581 947 647 sedere

149 669 291 737 cedendo
309 668 436 733 arcebat
451 690 512 733 nec
528 667 654 752 longius
671 668 717 732 ire
735 667 872 732 sinebat:

149 758 252 822 donec
268 753 469 840 Agenorides
485 753 662 825 coniectum
678 752 713 816 in
728 764 859 839 guttura
873 752 994 818 ferrum
1189 770 1223 822 ac

149 862 252 925 usque
269 860 405 924 sequens
421 838 549 925 pressit,
567 838 644 902 dum
660 849 744 904 retro
762 859 897 922 quercus
914 837 1002 903 eunti
1236 866 1238 870 ·

151 926 285 1002 obstitit,
303 937 335 990 et
351 925 416 989 fixa
433 937 481 990 est
497 924 615 1009 pariter
631 946 705 989 cum
721 923 834 989 robore
851 922 968 989 cervix.

151 1012 290 1100 pondere
307 1033 341 1076 se
380 1011 460 1076 entis
478 1020 609 1075 curvata
626 1021 674 1075 est
691 1009 786 1074 arbor
802 1007 916 1074 etima

152 1109 241 1184 parte
257 1098 341 1182 flage
365 1095 411 1161 ari
427 1094 550 1180 gemuit
567 1116 625 1159 sua
641 1095 757 1159 robora
773 1094 904 1160 caudae.

152 1184 229 1249 dum
247 1182 384 1267 spatium
401 1181 502 1246 victor
517 1179 594 1246 victi
611 1181 789 1246 considerat
805 1180 914 1257 hostis,
1190 1198 1222 1248 95

151 1290 216 1334 vox
232 1267 338 1332 subito
356 1266 465 1331 audita
481 1277 539 1332 est.
573 1286 678 1349 neque
695 1277 763 1332 erat
780 1287 971 1353 cognoscere
988 1274 1180 1350 promptum,
1233 1330 1236 1337 ,

151 1354 252 1431 unde;
269 1352 326 1418 sed
343 1351 453 1417 audita
469 1363 530 1417 est:
548 1351 650 1435 ‘quid‚
667 1353 818 1437 Agenore
834 1361 918 1428 nate,
936 1362 1135 1436 peremptum

151 1447 330 1524 serpentem
347 1437 491 1538 spectas?
508 1447 540 1503 et
557 1447 592 1501 tu
609 1437 793 1522 spectabere
810 1436 959 1523 serpens?

72 1538 75 1543 “
150 1524 204 1590 ille
222 1523 278 1589 diu
294 1523 430 1608 pavidus
447 1522 564 1607 pariter
581 1544 655 1587 cum
671 1534 776 1588 mente
794 1523 931 1588 colorem

152 1609 345 1696 perdiderat,
363 1608 534 1693 gelidoque
551 1629 661 1673 comae
678 1619 796 1673 terrore
812 1608 968 1694 rigebant.
1192 1626 1241 1676 100

153 1717 228 1761 ecoe
246 1694 305 1759 viri
322 1693 441 1759 fautrix
458 1715 589 1779 superas
607 1694 738 1778 delapsa
754 1715 812 1778 per
829 1716 923 1758 auras

152 1780 261 1846 Pallas
279 1780 369 1844 adest
385 1790 553 1862 motaeque
569 1778 659 1844 iubet
675 1800 854 1864 supponere
871 1790 973 1845 terrae

153 1867 298 1952 vipereos
315 1866 439 1940 dentes,
457 1864 567 1950 populi
583 1863 778 1929 incrementa
793 1863 902 1928 futuri.

153 1963 243 2037 paret
259 1961 305 2026 et,
321 1962 358 2015 ut
374 1971 483 2036 presso
501 1949 625 2014 sulcum
642 1949 791 2048 patefecit
809 1959 924 2025 aratro,

154 2035 275 2122 spargit
292 2034 381 2099 humi
397 2034 513 2110 iussos,
531 2034 676 2098 mortaha
692 2033 827 2109 semina,
845 2035 965 2099 dentes.

153 2122 227 2188 inde
244 2120 322 2204 (fide
338 2119 455 2203 maius)
472 2119 606 2204 glaebae
623 2139 756 2204 coepere
773 2119 903 2197 moveri,

154 2207 319 2294 primaque
336 2205 376 2271 de
394 2205 489 2271 sulcis
507 2203 591 2270 acies
607 2204 754 2291 apparuit
769 2203 889 2282 hastae,

154 2292 296 2379 tegmina
312 2313 387 2356 mox
405 2290 545 2375 capitum
561 2290 646 2375 picto
662 2291 807 2356 nutantia
824 2312 915 2367 cono,

153 2401 230 2444 mox
246 2377 347 2442 umeri
363 2388 537 2462 pectusque
553 2386 745 2460 onerataque
762 2375 910 2441 bracchia
927 2375 997 2442 telis

154 2464 307 2539 existunt,
325 2462 500 2545 crescitque
518 2484 609 2547 seges
628 2462 763 2547 clipeata
778 2462 928 2526 virorum.

155 2550 200 2614 sio
217 2548 273 2613 ubi
290 2548 442 2612 tolluntur
458 2546 548 2612 festis
565 2548 677 2613 aulaea
694 2546 834 2623 theatris,

155 2656 284 2719 surgere
302 2633 394 2718 signa
411 2633 512 2697 solent
529 2632 729 2717 primumque
747 2633 912 2698 ostendere
929 2632 1046 2710 vultus,

155 2732 260 2784 cetera
276 2718 444 2804 paulatim,
461 2717 649 2803 placidoque
667 2718 783 2783 educta
799 2730 907 2784 tenore

155 2818 221 2868 tota
237 2816 347 2889 patent
363 2803 491 2886 imoque
530 2803 605 2872 edes
622 2802 656 2867 in
673 2803 817 2888 margine
833 2814 965 2888 ponunt

155 2890 281 2954 territus
298 2889 389 2953 hosts
406 2909 489 2954 novo
507 2825 650 2954 &admus
667 2910 782 2974 capere
798 2910 887 2953 arma
903 2888 1049 2974 parabat:

155 2981 210 3040 ‘ne
228 2974 319 3059 cape’
339 2974 379 3039 de
396 2973 513 3059 populo
531 2994 628 3056 quem
644 2985 728 3038 terra
744 2984 906 3039 creaverat
922 2995 1004 3038 unus

156 3060 312 3124 exclamat
329 3065 403 3124 ‘nec
420 3070 452 3123 te
470 3058 616 3123 civilibus
632 3058 736 3123 insere
753 3058 864 3123 bellis?

155 3157 251 3228 atque
268 3144 313 3209 ita
330 3143 497 3229 terrigenis
513 3142 616 3227 rigido
634 3143 674 3208 de
691 3143 842 3208 fratribus
858 3166 959 3208 unum
989 3202 991 3205 .

155 3229 331 3294 comminus
349 3251 424 3295 ense
442 3228 528 3293 ferit:
545 3226 648 3293 iaculo
667 3228 752 3293 eadit
768 3228 891 3293 eminus
907 3229 986 3314 ipse.

153 3314 206 3379 hic
223 3334 366 3399 quoque,
384 3313 439 3397 qui
455 3315 518 3379 leto
536 3313 679 3390 dederat,
696 3335 762 3379 non
778 3314 903 3400 longius
919 3314 974 3379 illo

155 3399 246 3476 vivit,
265 3411 297 3464 et
314 3399 450 3484 expirat,
468 3399 564 3463 modo
581 3419 661 3483 quas
678 3411 857 3484 acceperat,
875 3422 978 3464 auras.

155 3483 364 3570 exemploque
380 3484 450 3569 pari
467 3483 544 3548 furit
561 3483 663 3548 omnis
681 3483 789 3559 turba,
807 3506 927 3568 suoque

153 3570 261 3634 Marte
278 3568 396 3634 cadunt
413 3567 509 3634 subiti
525 3591 583 3655 per
598 3581 711 3634 mutua
726 3570 858 3634 vulnera
873 3570 996 3635 fratres.

153 3655 281 3737 iamque
298 3653 403 3719 brevis
420 3653 503 3718 vitae
521 3654 658 3739 spatium
675 3655 785 3719 sortita
800 3655 948 3720 iuventus

154 3739 329 3825 sanguineo
347 3738 486 3824 tepidam
503 3739 675 3825 plangebat
690 3751 818 3825 pectore
834 3751 978 3816 matrem,

154 3824 294 3907 quinque
311 3823 541 3909 superstitibus.
584 3845 721 3909 quorum
737 3824 799 3889 fuit
814 3848 897 3890 unus
915 3825 1050 3891 Echion.

153 3909 182 3973 is
200 3931 259 3973 sua
275 3908 346 3974 iecit
365 3908 462 3973 humo
480 3909 602 3974 monitu
620 3908 792 3974 Tritonidis
810 3932 898 3975 anna

153 3993 375 4077 fraternaeque
391 3994 487 4059 fidem
504 3994 592 4079 pacis
609 3995 761 4079 petiitque
778 3995 938 4079 deditque.

152 4077 211 4145 hos
229 4078 332 4167 operis
350 4079 479 4148 comites
496 4078 608 4150 habuit
625 4077 777 4150 Sidonius
793 4081 919 4170 hospes,
