2800 4500
216 275 584 336 uarauomnosnou
600 276 674 333 nm.
692 276 730 332 x.
744 276 888 334 voa-rea.
906 277 959 332 xr.
972 276 1066 334 1-51.
1093 246 1158 329 181'

130 402 212 470 vatis
228 403 263 466 A
304 401 391 468 llinei
407 400 531 467 vocalia
547 399 633 465 misit
648 399 683 464 in
699 421 770 464 orat

131 510 214 573 quae
230 487 264 552 fo
277 487 315 552 “s
331 496 481 574 praesuta
497 497 606 554 notam
622 485 691 550 sine
709 485 840 550 vulnere
856 483 943 549 fecit.

131 573 259 639 alterius
276 573 375 638 telum
391 571 472 658 lapis
490 581 552 650 est,
570 570 625 655 qui
642 569 758 635 missus
775 570 809 634 in
825 569 895 654 ipso

131 665 204 725 ae‘re
222 668 376 724 concentu
394 658 497 722 vietus
514 656 665 740 vocisque
682 656 835 740 lyraeque
852 664 910 732 est,

131 766 170 809 ac
185 744 285 809 veluti
301 744 436 845 supplex
452 764 510 829 pro
527 753 593 806 tam
610 740 777 806 furialibus
795 739 880 805 ausis

131 840 205 895 ante
222 828 320 915 pedes
337 828 445 894 1aeuit.
489 827 545 893 sed
563 827 647 892 enim
665 825 832 903 temeraria
849 836 995 891 crescunt

130 914 228 992 bella,
245 914 423 998 modusque
440 912 531 991 abiit,
547 912 725 996 insanaque
740 921 854 997 regnat
870 910 997 997 Erinys.

131 1010 308 1083 cunctaque
325 1000 389 1064 tela
405 998 510 1063 forent
527 1008 623 1063 cantu
639 997 775 1062 mollitae
792 996 851 1061 sed
867 995 980 1083 ingens

130 1085 249 1151 clamor
266 1096 299 1149 et
314 1084 430 1150 inflexo
440 1082 632 1170 Berecyntia
648 1081 728 1147 tibia
745 1103 844 1147 cornu

130 1181 345 1256 tympanaque
363 1179 396 1235 et
411 1170 543 1256 plausus
560 1179 593 1234 et
608 1167 749 1233 Bacchei
765 1167 904 1232 ululatus

130 1256 336 1341 obstrepuere
352 1276 431 1319 sono
449 1254 598 1319 citharae.
641 1264 712 1318 tum
729 1252 864 1338 denique
882 1275 960 1318 saxa

130 1363 195 1406 non
213 1338 354 1405 exauditi
370 1339 547 1405 rubuerunt
564 1338 720 1425 sanguine
737 1337 829 1403 vatis.

130 1448 169 1491 ac
184 1426 324 1512 primum
340 1424 488 1490 attonitas
505 1424 681 1491 etiamnum
697 1445 777 1490 voce
795 1423 937 1489 canentis

129 1512 311 1577 innumeras
328 1511 473 1576 volucres
491 1533 532 1575 an
578 1531 676 1594 esque
693 1531 873 1596 agmenque
890 1509 1030 1575 ferarum

130 1597 321 1674 Maenades,
339 1593 464 1682 Orphei
480 1596 518 1661 tit
552 1618 623 1674 um,
639 1617 790 1681 rapuere,
807 1595 937 1661 theatri:

128 1682 203 1747 inde
221 1681 391 1748 cruentatis
408 1691 575 1748 vertuntur
591 1681 625 1746 in
643 1678 777 1767 Orphea
794 1680 913 1746 dextris

130 1781 162 1833 et
179 1773 304 1845 coe'unt,
321 1777 358 1832 ut
375 1789 465 1845 aves,
483 1767 510 1832 si
528 1766 656 1850 quando
672 1767 746 1841 luce
762 1778 933 1853 vagantem

128 1852 230 1919 uectis
248 1875 341 1918 avem
358 1862 500 1918 cernunt.
543 1862 729 1936 cunctoque
744 1851 904 1935 utrimque
920 1850 1044 1917 theatro

130 1960 190 2005 ceu
206 1938 363 2003 matutina
380 1960 493 2003 cervus
510 1937 669 2023 periturus
686 1936 807 2002 harena

128 2023 248 2111 praeda
264 2044 380 2088 cauum
397 2033 459 2101 est,
477 2032 646 2106 vatemque
661 2031 776 2108 petunt
792 2032 825 2086 et
840 2021 953 2089 fronde
970 2022 1107 2088 virentes

130 2108 289 2175 coniciunt
307 2106 448 2193 thyrsos,
463 2129 529 2172 nen
545 2106 626 2172 haec
640 2106 675 2172 in
691 2127 825 2172 munera
840 2107 952 2172 factos.

128 2193 190 2260 hae
207 2192 352 2279 glaebas,
370 2191 442 2258 illae
468 2192 606 2279 direptos
624 2192 737 2259 arbore
753 2213 868 2270 ramos,

128 2301 202 2429 pars
219 2289 369 2362 torquent
384 2278 497 2344 silices.
540 2301 609 2344 neu·
621 2277 726 2344 desint
741 2278 806 2344 tela
822 2278 942 2357 furori‚'

142 2375 211 2430 orte
228 2363 326 2429 boves
343 2386 452 2449 presso
469 2363 541 2429 subi
564 2364 661 2430 ebant
676 2385 805 2429 vomere
822 2373 949 2440 terram,

128 2471 189 2515 nec
205 2450 317 2536 procul
333 2449 408 2514 hine
424 2450 524 2515 multo
593 2460 680 2514 etum
698 2450 813 2515 sudore
829 2463 977 2535 parantes

130 2536 211 2601 dura
226 2534 372 2616 lacertosi
389 2534 554 2600 fodiebant
570 2557 647 2600 arva
664 2534 778 2601 coloni.

128 2620 256 2708 agmine
273 2620 329 2703 qui
345 2621 413 2685 viso
431 2620 560 2707 fugiunt
576 2620 745 2706 operisque
760 2619 944 2704 relinquunt

128 2728 218 2773 arma
234 2706 297 2772 sui:
320 2727 500 2790 vacuosque
517 2705 622 2771 iacent
638 2705 782 2792 dispersa
797 2728 856 2792 per
872 2727 966 2792 agros

128 2791 316 2875 sarculaque
332 2791 489 2875 rastrique
506 2812 621 2877 graves
637 2790 790 2876 longique
806 2791 938 2891 ligones.

10 2942 12 2946 ,
128 2899 211 2961 quae
227 2886 396 2962 postquam
413 2897 546 2962 rapuere
563 2876 666 2954 ferae,
683 2897 846 2960 cornuque
862 2899 1002 2943 mmaces

129 2961 287 3027 divulsere
303 2961 416 3040 boves,
434 2962 476 3027 ad
493 2961 574 3026 vatis
591 2961 659 3027 fata
675 2973 850 3039 recurrunt,

129 3046 373 3130 tendentemque
390 3069 503 3112 manus
521 3058 617 3131 atque
633 3047 688 3111 illo
705 3058 848 3132 tempore
864 3046 1003 3133 primum

127 3131 217 3197 irrita
234 3131 390 3197 dicentem
407 3132 654 3216 necquicquam
671 3154 750 3197 voce
767 3143 947 3198 moventem

128 3216 300 3301 sacrilegae
317 3216 491 3302 perimunt3
509 3238 695 3302 perquem,
713 3238 771 3303 pro
789 3217 947 3303 Iuppiter!
965 3219 1044 3284 illud

129 3301 273 3366 auditum
290 3301 374 3366 saxis
392 3302 649 3386 intellectumque
666 3303 806 3369 ferarum

129 3386 273 3451 sensibus
290 3386 324 3450 in
341 3397 452 3452 ventos
469 3387 575 3452 anima
592 3388 718 3453 exalata
733 3388 873 3454 recessit.

128 3484 160 3536 te
176 3484 315 3537 maestae
332 3473 490 3549 volueres,
508 3470 657 3573 Orphea,
676 3483 708 3539 te
724 3474 819 3538 turba
834 3474 984 3551 ferarum,

128 3567 159 3621 te
176 3556 271 3642 rigidi
288 3556 405 3634 silices,
423 3567 455 3622 te
472 3579 612 3623 earmina
629 3581 682 3624 sae
706 3582 723 3624 e
741 3570 868 3624 secutae

126 3642 282 3707 fleverunt
299 3642 411 3718 silvae3
429 3643 539 3742 positis
555 3653 587 3708 te
604 3581 770 3708 handbus
788 3646 883 3709 arbor

127 3737 218 3791 tonsa
235 3748 358 3792 comam
376 3728 465 3791 lunt.
508 3728 644 3793 lacrimis
661 3749 790 3813 quoque
806 3729 938 3794 flumina
954 3730 1064 3797 dieunt

127 3811 297 3877 increvisse
315 3812 395 3889 suis3
413 3811 612 3896 obscuraque
630 3815 762 3879 carbasa
779 3816 867 3900 pullo

126 3896 246 3963 Naides
263 3910 295 3963 et
312 3897 460 3984 Dryades
475 3919 649 4000 passosque
665 3899 807 3965 habuere
824 3922 862 3964 ca
884 3899 964 3967 illos.

39 4049 45 4062 ,
126 3982 269 4048 membra
285 3982 390 4049 iacent
405 3983 531 4048 diversa
547 3984 634 4049 locrs.
678 3997 788 4071 caput,
806 3923 930 4062 ssebre,
948 3987 1112 4076 lyramque
1163 4009 1197 4062 50

125 4066 259 4155 excipis:
277 4080 322 4147 et,
340 4066 470 4134 miruml
488 4068 592 4139 medio
610 4068 688 4137 dum
704 4070 822 4140 labitur
839 4094 942 4151 amne,
