2800 4500
251 262 315 330 180
586 273 620 329 Ρ.
639 269 765 330 OVIDII
781 269 945 329 NASONIS

251 400 316 466 effu
340 421 373 477 e,
390 421 431 465 ne
448 397 548 464 virtus
566 406 622 461 tua
640 396 681 461 sit
697 396 851 461 damnoso
868 391 1024 460 duobus.''
1208 447 1210 451 ,

291 422 353 550 Ilia
369 483 499 568 quidem
516 483 639 547 monuit
655 481 834 566 iunctisque
850 484 999 580 pereira
1016 476 1124 564 cycnis
1166 472 1274 530 Adonis.

250 570 351 656 carpit
367 569 437 635 iter.
482 569 538 635 sed
556 578 619 633 stat
635 568 763 632 monitis
781 577 938 631 contrane
954 574 1066 630 vrrtus.

183 677 233 725 710
250 656 332 721 forte
350 677 440 721 suem
457 654 586 720 latebris
605 652 740 739 vestigia
757 663 844 717 certa
860 650 961 716 secuti

251 740 395 806 excivere
413 762 522 817 canes,
541 738 692 823 silvisque
710 737 796 803 exire
813 747 979 824 parantem

250 827 362 891 fixerat
379 825 509 910 obliquo
525 824 649 889 11170010
667 821 837 908 Cinyreius
853 823 930 887 ictu.

251 910 396 998 protinus
414 910 554 977 excussit
569 909 675 994 pando
692 908 852 974 venabula
867 918 969 973 rostro

253 997 407 1083 sauguine
424 997 523 1062 tincta
540 1016 608 1071 suo,
627 994 849 1080 trepidumque
866 1004 899 1058 et
915 1002 983 1058 tuta
998 1001 1159 1077 petentem

183 1101 232 1151 715
250 1094 324 1148 trux
341 1105 418 1168 aper
434 1080 621 1165 insequitur,
638 1091 785 1163 totosque
803 1079 863 1144 sub
880 1078 913 1142 in
959 1076 1011 1142 ine
1023 1076 1139 1153 ‚dentes

250 1167 373 1233 abdidit
391 1179 423 1233 ct
439 1167 529 1232 fulva
545 1164 772 1230 moribundum
790 1163 901 1230 stravit
940 1185 1046 1229 arena.

250 1263 343 1319 70010
359 1253 423 1319 1071
440 1274 535 1317 curru
552 1250 673 1317 medias
692 1248 854 1336 Cytherea
870 1271 928 1335 per
944 1270 1038 1314 auras

252 1334 383 1423 Cypron
400 1340 528 1406 olorinis
545 1339 688 1404 noudum
704 1348 893 1424 pervenerat
910 1336 982 1402 alis:

159 1476 163 1483 .
252 1420 383 1505 agnovit
398 1420 494 1569 10οΞΙο
511 1421 666 1505 gemitum
682 1419 860 1497 morientis,
878 1429 911 1485 et
927 1416 1016 1483 albas

183 1523 234 1574 770
250 1504 341 1570 flexit
357 1527 434 1571 0700
485 1526 536 1570 uc.
579 1516 678 1589 utque
696 1503 823 1570 aethere
840 1503 921 1569 vidit
936 1502 978 1568 ab
995 1503 1060 1568 0110

252 1590 432 1656 exanimem
448 1590 545 1674 inque
563 1611 621 1654 suo
638 1590 808 1656 iactantem
825 1589 979 1675 sanguine
997 1610 1122 1675 eorpus,

252 1675 380 1741 desiluit
397 1675 578 1761 pariterque
595 1674 700 1740 sinum
718 1675 900 1761 pariterque
917 1674 1048 1760 capillos

250 1761 351 1847 rupit,
369 1772 402 1826 01
417 1760 557 1846 indiguis
574 1761 731 1846 percussit
747 1771 877 1846 pectora
892 1760 1018 1847 palmis.

252 1859 427 1930 questaque
445 1867 517 1911 cum
534 1846 609 1911 fatis
628 1852 686 1911 “at
702 1867 768 1911 000
784 1857 891 1911 101000
908 1845 1015 1919 010010
1032 1844 1129 1911 vestri

184 1950 233 2000 711
252 1931 329 1997 iuris
346 1931 462 1997 erunt’'
481 1930 574 1997 dixit:
592 1931 722 1997 “luctus
739 1931 933 1997 monimenta
950 1930 1125 1996 manebunt

252 2040 386 2103 semper,
403 2016 529 2095 Adoni,
545 2017 624 2097 mei3
641 2017 742 2104 repeti
797 2040 839 2083 ue
855 2017 965 2082 mortis
982 2016 1090 2103 imago

167 2182 172 2191 ι
252 2126 359 2168 annua
375 2102 536 2190 plangoris
553 2115 685 2190 peraget
702 2103 762 2169 sim
797 2103 903 2168 amina
918 2101 1028 2168 nostri.

251 2200 284 2255 at
302 2210 396 2256 cruor
411 2189 445 2255 in
461 2189 572 2255 florem
587 2189 773 2257 mutabitur.
816 2212 858 2254 an
875 2188 933 2256 tibi
949 2187 1111 2274 quondam

251 2275 405 2341 femineos
423 2286 510 2341 artus
527 2276 561 2340 in
578 2277 699 2342 olentes
717 2287 840 2341 vertere
856 2275 1013 2354 menthae,

185 2380 234 2430 730
251 2361 472 2446 Persephone,
488 2361 592 2426 licuitt
609 2361 701 2427 uobis
721 2359 890 2447 Cinyreius
907 2360 1001 2426 heros

251 2446 389 2512 invidiae
406 2458 546 2512 mutatus
565 2446 666 2512 eriti''
695 2447 742 2512 010
759 2446 827 2512 fata
843 2468 987 2512 cruorem

252 2542 380 2598 nectare
397 2532 528 2597 odorato
546 2531 675 2616 sparsit,
692 2532 749 2616 qui
766 2543 869 2598 tactus
887 2532 1000 2597 abillo

251 2616 403 2682 intumuit
420 2617 480 2695 sic,
498 2628 533 2682 ut
550 2616 659 2703 pluvio
676 2616 840 2703 perlucida
857 2618 945 2683 caelo

252 2724 383 2789 surgere
400 2703 488 2767 bulla
505 2703 595 2768 solet.
638 2726 697 2768 nec
714 2704 810 2788 plena
826 2702 951 2789 longior
966 2703 1045 2768 hora

185 2806 234 2855 735
251 2787 337 2853 fecta
354 2810 443 2853 mora
459 2798 520 2864 est,
539 2810 613 2853 cum
629 2789 687 2854 flos
706 2790 746 2853 de
765 2789 920 2874 sanguine
937 2788 1085 2854 concolor
1102 2799 1199 2864 ortus,

252 2874 393 2955 qualem,
411 2894 493 2957 quae
510 2874 597 2939 lento
614 2875 719 2940 celant
735 2874 796 2939 sub
814 2873 930 2940 cortice
947 2896 1093 2960 granum,

251 2962 369 3045 punica
392 2959 475 3025 ferre
493 2959 604 3025 solent.
648 2959 754 3025 brevis
772 2969 943 3026 esttamen
959 2982 1036 3024 usus
1053 2959 1087 3025 10
1104 2958 1172 3023 illo:

250 3065 389 3128 namque
407 3045 490 3110 01010
506 3044 689 3111 haerentem
707 3054 739 3110 01
755 3044 854 3110 nimia
869 3045 997 3111 levitate
1014 3044 1171 3111 caducum

252 3131 416 3195 excutiunt
432 3130 533 3208 idem,
550 3130 606 3214 qui
621 3141 785 3217 praestant
801 3130 940 3209 nomina,
958 3129 1064 3196 700113

580 3380 698 3456 arnna
714 3400 949 3459 0000011100.

252 3554 402 3623 Carmine
420 3557 496 3622 dum
514 3557 571 3622 tali
588 3557 684 3623 silvas
702 3557 887 3642 animosque
903 3558 1044 3624 ferarum
1152 3572 1276 3642 Orpheus

251 3642 417 3709 Threicius
434 3654 523 3709 70100
542 3654 574 3708 01
591 3665 669 3709 saxa
686 3644 851 3727 sequentia
868 3644 965 3722 ducit,

251 3748 326 3793 ecce
343 3750 442 3793 nurus
460 3727 633 3806 Ciconum,
650 3738 754 3795 tectae
770 3729 934 3815 lymphata
951 3728 1060 3795 ferinis

275 3823 381 3877 001010
399 3813 568 3879 velleribus
573 3814 716 3891 ,tumuli
733 3814 773 3880 de
790 3815 908 3881 vertice
926 3825 1059 3881 cernunt

218 3917 234 3967 1
286 3897 385 3982 rphea
401 3899 559 3984 percussis
578 3900 753 3965 sociantem
769 3901 911 3965 carmina
926 3901 1043 3967 nervis.

193 4041 195 4050 ,
253 4004 271 4046 0
288 3981 404 4063 quihus
421 4005 501 4060 una,
518 3984 605 4051 leves
622 3985 739 4050 iactato
757 3985 842 4051 crine
860 4008 918 4072 per
935 4008 1029 4051 auras

253 4067 329 4144 ‘en,’
347 4066 391 4133 ait
409 4074 463 4134 ‘en
480 4068 533 4135 hic
550 4081 599 4135 est
615 4069 715 4137 nostri
732 4071 957 4159 contemptorl’
975 4082 1009 4140 et
1025 4070 1150 4138 hastam
1269 4157 1272 4162 .
