2800 4500
288 240 655 300 METAMORPHOSEON
671 241 745 297 LIB.
762 241 829 297 XII.
847 240 993 298 ece-393.
1085 224 1156 290 ’207

132 368 246 433 robore
264 367 469 452 Nedymnum
486 366 755 448 iaculatoremque
773 364 933 449 Lycetum
1175 379 1226 429 350

133 453 244 518 sternit
261 463 293 517 et
309 452 450 516 immissa
467 461 644 550 protectum
661 461 791 535 pectora
808 449 907 513 barba

134 539 301 623 Hippason
319 549 350 604 et
367 559 498 601 summis
516 547 676 603 extantem
693 534 819 620 Riphea
837 533 923 598 silvis

133 624 334 706 Thereaque,
352 621 538 686 Haemoniis
556 621 610 704 qui
628 641 760 706 prensos
777 619 938 684 montibus
955 640 1046 684 ursos
1136 689 1138 693 ,

133 708 215 774 ferre
234 709 363 773 domum
381 707 470 771 vivos
491 706 756 791 indignantesque
773 704 905 770 solebat.

133 793 219 858 baud
237 793 315 858 tulit.
326 803 468 857 utentem
485 814 613 877 pugnae
630 790 830 856 successibus
848 790 931 854 ultra

133 878 259 943 Thesea
276 877 469 953 Demole0n‚
487 877 651 959 solidoque
668 876 820 941 revellere
836 886 948 939 trunco

135 984 286 1028 annosam
303 963 414 1049 pinum
431 983 549 1046 magno
565 960 728 1025 molimine
746 971 888 1045 temptat.

133 1049 220 1132 quod
236 1048 312 1131 quia
328 1069 392 1115 non
408 1048 527 1132 potuit,
544 1045 756 1131 praefractam
773 1045 859 1110 misit
875 1046 908 1110 in
925 1045 1058 1111 hostem.

133 1135 190 1200 sed
207 1134 318 1218 procul
335 1156 355 1197 a
372 1133 435 1196 telo
452 1131 597 1196 Theseus
615 1130 761 1196 veniente
778 1131 907 1196 recessit

132 1217 282 1284 Pallados
301 1217 463 1281 admonitu
480 1214 582 1299 (credi
600 1215 645 1282 sic
661 1216 730 1301 ipsc
749 1215 903 1300 volebat):

133 1326 198 1369 non
215 1314 321 1368 tamen
338 1302 432 1367 arbor
448 1301 533 1367 iners
550 1300 674 1379 cecidit.
717 1323 792 1365 nam
811 1298 974 1367 Crantoris
993 1302 1048 1366 alti

134 1387 268 1454 abscidit
284 1387 394 1473 iugulo
411 1398 587 1472 pectusque
604 1408 813 1470 umerumque
831 1387 1003 1452 sinistrum.

134 1473 271 1558 armiger
286 1473 340 1538 ille
357 1473 404 1536 tui
421 1472 525 1538 fuerat
607 1472 707 1548 toris,
724 1472 867 1537 Achille:

133 1580 229 1642 quem
245 1557 409 1642 Dolopum
425 1570 529 1623 rector
568 1558 629 1622 ello
647 1568 814 1643 superatus
831 1559 992 1642 Amyntor

134 1643 295 1709 Aeacidae
307 1643 442 1712 ,dederat
458 1642 547 1729 pacis
563 1643 744 1729 pignusque
760 1643 930 1725 fidemque.

133 1729 218 1793 hunc
234 1729 345 1814 procul
362 1741 397 1792 ut
414 1729 509 1793 foedo
527 1727 691 1793 duieotum
709 1729 840 1794 vulnere
856 1727 974 1793 Peleus

133 1814 225 1891 vidit,
244 1820 264 1852 ‘⁴
271 1824 304 1878 at
320 1813 464 1890 inferias,
480 1814 634 1879 iuvenum
649 1812 829 1898 gratissime
847 1811 994 1890 Crantor,

134 1899 266 2000 accipe”
286 1898 344 1974 ait,
362 1898 531 1982 validoque
547 1898 582 1962 in
597 1897 811 1964 Demoleonta
827 1899 945 1963 lacerto

133 1984 309 2061 frameam
327 1982 412 2047 misit
429 1983 583 2048 contentis
601 1982 722 2047 viribus
739 1983 875 2058 hastam,

133 2091 216 2152 quae
233 2069 367 2132 laterum
385 2078 503 2131 cratem
520 2067 663 2152 perrupit
680 2079 713 2132 et
729 2068 853 2132 ossibus
871 2067 1004 2134 haerens

132 2153 303 2218 intremuit.
347 2151 443 2216 trahit
458 2151 511 2216 ille
528 2174 626 2216 manu
643 2151 712 2217 sine
730 2152 860 2237 cuspide
878 2152 1013 2238 lignum:

132 2238 166 2303 id
183 2260 311 2322 quoque
328 2236 383 2302 vix
400 2236 542 2320 sequitur
547 2261 558 2316 ς
576 2236 681 2323 cuspis
698 2238 848 2323 pulmone
865 2250 987 2304 retenta
1004 2251 1061 2305 est.

133 2323 202 2408 ipse
219 2324 309 2388 dolor
325 2321 409 2387 vires
425 2322 531 2387 animo
548 2323 655 2388 dabat.
699 2345 796 2408 aeger
811 2323 845 2388 in
862 2323 986 2389 hostem

133 2408 264 2494 erigitur
281 2408 480 2493 pedibusque
496 2408 601 2473 virum
616 2409 780 2494 proculcat
796 2408 930 2493 equinis.

133 2494 251 2579 excipit
266 2494 320 2560 ille
337 2493 530 2579 ictusgalee
546 2494 712 2579 clipeoque
729 2505 878 2560 sonantes

133 2580 339 2662 defensatque
356 2600 482 2643 umeros
499 2589 726 2664 praetentaque
744 2580 877 2644 sustinet
895 2603 993 2658 arma,

131 2685 251 2750 perque
270 2687 374 2729 armos
390 2685 456 2728 uno
472 2664 536 2728 duo
554 2676 683 2749 pectora
698 2664 838 2749 perforat
854 2666 929 2729 ictu.

133 2761 205 2815 ante
223 2762 328 2815 tamen
346 2750 410 2820 leto
428 2748 557 2815 dederat
573 2748 776 2834 Phlegraeon
793 2761 826 2814 et
842 2751 951 2835 Hylen

58 2866 59 2869 ¹
133 2835 270 2909 eminus,
288 2834 460 2919 Iphinoum
477 2834 591 2898 collato
607 2834 716 2899 Marte
735 2830 924 2919 Claninque.

133 2919 259 2984 additur
275 2918 327 2985 his
341 2918 495 3005 Dorylas,
512 2919 568 3002 qui
585 2929 730 3003 tempora
746 2929 830 2986 tecta
846 2921 977 3005 gerebat

132 3004 215 3088 pelle
231 3003 308 3088 lupi,
327 3004 477 3088 saevique
494 3003 597 3069 vicem
613 3005 807 3089 praestantia
823 3005 878 3071 teli

133 3110 252 3152 cornua
268 3111 345 3153 vara
361 3089 459 3155 boum
475 3090 575 3155 multo
591 3089 758 3155 rubefacta
774 3110 894 3156 cruore.

30 3200 32 3206 ·
132 3172 207 3238 huic
224 3194 285 3257 ego
302 3171 391 3256 (nam
408 3175 491 3239 vires
509 3174 633 3239 animus
651 3174 762 3259 dabat)
781 3176 946 3261 “aspice”,
964 3176 1030 3241 dixi

132 3265 312 3341 “quantum
331 3259 505 3324 concedant
521 3270 629 3326 nostro
646 3270 703 3325 tua
720 3282 838 3325 cornua
854 3262 969 3339 ferro,”

132 3353 164 3407 et
180 3342 318 3407 iaculum
336 3343 423 3407 torsi.
465 3346 552 3427 quod
569 3366 642 3410 cum
659 3345 760 3411 vitare
777 3346 932 3429 nequiret,

131 3428 279 3512 opposuit
297 3427 440 3493 dextram
457 3451 608 3514 passurae
625 3431 758 3495 vulnera
774 3431 881 3495 fronti.

131 3513 229 3577 affixa
246 3524 293 3578 est
311 3534 384 3577 curn
401 3513 503 3580 fronte
521 3538 648 3579 manusc
666 3516 703 3580 fit
720 3516 852 3580 clamor:
870 3525 903 3580 at
918 3516 1009 3582 illum

131 3597 313 3664 haerentem
330 3598 447 3664 Peleus
465 3609 502 3664 et
513 3600 628 3664 acerbo
645 3601 777 3666 vulnere
794 3600 914 3665 victum
930 3638 974 3648 —-

131 3683 236 3747 stabat
252 3683 336 3748 enim
352 3683 481 3769 propior
497 3683 541 3754 's—
556 3684 694 3750 mediam
711 3685 786 3750 ferit
802 3709 878 3752 ense
895 3686 955 3749 sub
973 3686 1090 3752 alvum.

129 3767 274 3852 prosiluit
290 3778 437 3851 terraque
454 3768 502 3833 fer
522 3792 544 3832 x
561 3792 620 3833 sua
636 3770 758 3835 viscera
776 3771 872 3835 traxit

130 3863 293 3937 tractaque
311 3853 444 3919 meavit
461 3853 510 3918 cal
530 3865 644 3937 ataque
661 3855 748 3940 rupit
764 3867 794 3919 et
811 3855 872 3919 illis

129 3959 222 4003 crura
239 3959 365 4021 quoque
381 3938 511 4023 impedii
542 3950 573 4003 ct
590 3939 676 4004 inani
694 3940 830 4004 concidit
848 3940 929 4005 alvo.

127 4043 188 4090 nec
205 4035 236 4091 te
253 4037 449 4112 pugnantem
467 4035 537 4106 tuat
556 4021 701 4111 Cyllare,
718 4025 822 4096 forma
837 4025 981 4107 redemit,
