2800 4500
303 274 669 364 narruobrflosrou
684 304 759 360 nm.
777 304 827 363 Ν.
846 305 990 363 roccas.
1116 272 1158 361 'sb

135 427 286 496 bracchia
302 428 366 496 iam
385 440 512 496 restant.
538 439 639 513 'quac
660 438 782 494 restant
807 429 956 496 bracchia
973 428 1084 507 tendit,
1174 451 1226 502 585

136 529 168 584 et
184 515 322 582 lacrimis
339 538 397 602 per
414 515 518 580 adhuc
535 514 676 580 humana
691 514 863 581 fluentibus
881 536 937 579 ora

135 601 281 677 aceede,
299 622 318 666 o
337 600 489 677 coniunx,
506 600 636 677 accede,
654 599 845 666 miserrima'
863 598 953 679 dixit,

136 687 290 772 ‘dumque
308 686 427 770 aliquid
446 696 589 771 superest
607 686 647 752 de
664 707 732 763 mc,
749 708 801 750 me
817 695 929 771 tange,
946 708 1140 770 manumque

135 771 259 858 accipe,
277 771 354 836 dum
371 794 484 836 manus
502 782 560 848 est,
578 770 654 836 dum
670 792 735 836 non
752 781 855 836 totum
872 783 1008 856 occupat
1024 773 1138 858 anguis
1154 772 1208 821 —-’

135 857 189 922 ille
205 857 334 941 quidem
351 857 421 922 vult
437 858 530 943 plura
546 856 647 941 loqui,
666 856 723 922 sed
739 856 850 942 lingua
866 867 995 941 repento
1174 880 1224 931 585

129 943 170 1008 'in
186 954 291 1028 partes
308 953 357 1007 est
373 941 449 1007 tissa
465 942 559 1019 duas,
576 963 636 1007 nec
651 940 751 1008 verba
768 940 886 1006 volenti

136 1028 312 1106 sufficiunt,
330 1027 539 1113 quotiensque
557 1026 680 1111 aliquos
696 1038 789 1112 parat
804 1026 900 1093 edere
917 1038 1059 1111 questus,

136 1113 254 1179 sibilat:
272 1113 354 1178 hanc
370 1112 417 1177 illi
434 1133 545 1178 vocem
562 1124 676 1178 natura
692 1111 830 1196 reliquit.

135 1198 223 1264 nuda
239 1220 336 1263 manu
353 1197 469 1264 feriens
486 1198 642 1263 exclamat
659 1200 789 1284 pectora
806 1198 944 1263 coniunx

136 1282 289 1360 ‘Cadma
305 1305 409 1361 mane,
427 1296 536 1369 teque,
552 1282 678 1360 infelix,
695 1283 746 1348 his
763 1305 845 1349 exuo
861 1282 1023 1349 monstrisl
1174 1305 1225 1356 sao

38 1430 40 1436 .
136 1367 270 1445 Cadme,
287 1368 365 1453 quid
381 1368 461 1433 hoo?
477 1368 533 1434 ubi
550 1369 626 1453 pes?
642 1368 699 1434 ubi
716 1379 790 1434 sunt
807 1368 971 1452 umerique
988 1392 1165 1455 manusque

134 1465 168 1520 et
184 1456 270 1520 color
287 1465 319 1519 et
334 1453 433 1520 facies
451 1463 496 1530 et,
515 1454 591 1519 dum
608 1454 732 1539 loquor,
749 1453 874 1519 omnia?
890 1475 948 1519 cur
963 1475 1027 1519 non

133 1562 185 1604 me
203 1560 344 1624 quoque,
362 1540 527 1617 caelestes,
543 1538 577 1604 in
594 1539 730 1605 eandem
746 1539 866 1605 vertitis
881 1538 1054 1625 anguemt'

134 1625 266 1691 dixerat.
308 1625 362 1690 illc
380 1646 457 1690 suae
473 1623 635 1691 lambebat
652 1624 797 1710 coniugis
814 1646 871 1689 ora

131 1710 230 1795 inque
247 1710 334 1775 sinus
351 1731 455 1788 caros,
473 1710 571 1776 veluti
589 1719 808 1794 cognosceret,
824 1709 892 1775 ibat

132 1807 166 1862 et
182 1796 279 1860 dabat
297 1796 463 1881 amplexus
480 1806 670 1879 assuetaque
687 1796 770 1861 colla
786 1794 924 1881 petebat

131 1881 274 1966 quisquis
290 1881 382 1946 adest
398 1879 545 1964 (aderant
562 1880 707 1967 comites)
724 1891 868 1947 terretur.
911 1888 944 1945 at
961 1880 1016 1946 illa

131 1967 254 2034 lubrica
269 1967 446 2052 permulcet
463 1966 581 2032 cristati
598 1966 680 2031 colla
696 1965 841 2031 draconis
846 1989 855 2043 3

131 2064 165 2119 et
182 2052 286 2117 subito
304 2051 368 2116 duo
385 2062 460 2117 sunt
475 2051 645 2136 iunctoque
662 2051 822 2116 volumine
841 2059 981 2136 serpunt,

133 2137 235 2203 donec
251 2138 285 2202 in
302 2137 438 2224 appositi
454 2136 591 2202 nemoris
608 2135 735 2202 subiere
751 2136 899 2201 latebras.
1173 2157 1224 2209 coo

131 2245 218 2289 nunc
235 2243 362 2308 quoque
378 2244 438 2289 nec
454 2221 584 2310 fugiunt
600 2221 761 2289 hominem
778 2243 838 2288 nec
853 2221 984 2287 vulnere
1000 2220 1145 2290 laedunt:

132 2308 273 2394 quidque
289 2307 377 2394 prius
394 2308 526 2384 fuerint,
543 2307 659 2395 placidi
677 2308 848 2373 meminere
866 2307 1029 2372 dracones.

175 2393 243 2461 Sed
259 2405 366 2459 tamen
383 2394 539 2460 ambobus
555 2416 666 2460 versae
684 2393 803 2459 solacia
818 2393 940 2457 formae
1102 2410 1222 2465 Parem,

130 2502 249 2581 magna
264 2501 364 2565 nepos
374 2479 515 2556 dederat,
525 2500 621 2563 quern
630 2478 789 2545 debellata
806 2478 930 2544 colebat

128 2565 237 2641 India,
276 2587 350 2630 uem
367 2564 478 2649 positis
495 2563 676 2630 celebrabat
692 2564 819 2629 Achaia
835 2562 971 2650 templis.
1171 2586 1220 2636 555

130 2652 216 2716 solus
233 2650 266 2714 A
290 2649 433 2715 antiades
450 2649 492 2715 ab
509 2649 631 2735 origine
648 2660 754 2715 cretus
771 2649 884 2716 eadem

130 2734 276 2802 Acrisius
293 2744 452 2821 superest,
469 2734 525 2819 qui
541 2733 709 2800 moenibus
724 2744 833 2800 arceat
849 2733 937 2799 urbis

129 2821 302 2907 Argolicae
319 2832 491 2905 contraque
509 2819 604 2909 deum
621 2819 704 2885 ferat
721 2842 810 2885 arma
826 2834 1006 2920 genusque·

129 2928 193 2971 nou
210 2916 301 2993 putet
317 2928 387 2972 esse
403 2905 501 2971 Iovis.
543 2925 649 2990 neque
666 2904 855 2974 enim10v1s
872 2927 942 2970 esse
959 2906 1094 2992 putabat

129 2990 264 3067 Persea,
281 3012 378 3074 quem
393 2991 503 3077 pluvio
520 2989 637 3056 Dana'e'
654 2999 842 3076 conceperat
858 3010 947 3055 auro.
1169 3011 1221 3063 610

129 3099 205 3158 mox
222 3088 329 3142 tamen
345 3076 508 3142 Acrisium
525 3074 628 3160 (tanta
646 3086 694 3141 est
711 3074 891 3162 praesentia
907 3074 990 3162 veri)
1210 3085 1213 3096 ⁴

129 3172 196 3226 tam
211 3161 347 3227 violasse
365 3161 476 3238 deum,
493 3182 590 3246 quam
606 3182 672 3226 non
689 3181 825 3247 agnosse
841 3169 989 3245 nepotem

129 3246 279 3334 paenitet.
321 3247 488 3333 impositus
505 3247 570 3311 iam
588 3247 676 3312 caelo
694 3256 743 3312 est
759 3245 853 3311 alter:
871 3255 904 3309 at
922 3246 1001 3311 alter

128 3332 249 3417 viperei
265 3332 404 3398 referens
422 3332 558 3418 spolium
575 3331 781 3397 memorabile
798 3330 930 3395 monstri

128 3423 203 3483 adra
220 3417 371 3503 carpebat
387 3428 532 3483 tenerum
549 3415 754 3482 stridentibus
772 3416 840 3482 alis.

128 3524 265 3586 cumque
283 3524 379 3588 super
395 3502 537 3587 Libycas
553 3501 656 3567 victor
670 3500 824 3588 penderet
840 3500 985 3579 harenas,

128 3586 294 3675 Gorgonei
312 3587 422 3674 capitis
439 3598 549 3674 guttae
567 3586 710 3653 cecidere
727 3596 886 3664 cruentae,

127 3696 208 3759 quas
225 3673 342 3738 humus
360 3684 508 3759 exceptas
525 3672 629 3739 varios
647 3671 799 3737 animavit
815 3671 849 3736 in
865 3695 907 3737 an
953 3694 1002 3751 es;

127 3759 213 3825 unde
230 3759 380 3842 frequens
397 3758 453 3822 illa
469 3768 518 3822 est
534 3757 714 3841 infestaque
730 3768 815 3822 terra
832 3757 904 3822 colu
926 3756 980 3822 ris.

126 3845 201 3910 inde
218 3866 276 3929 per
293 3844 485 3910 immensum
502 3842 603 3908 ventis
621 3839 819 3907 discordibus
838 3853 927 3908 actus

125 3951 213 3996 nunc
230 3930 306 4007 huc,
323 3950 409 3995 nunc
426 3928 516 4005 illuc,
534 3928 679 4014 exemplo
695 3926 791 3993 nubis
808 3947 946 4012 aquosae

125 4017 228 4082 fertur
244 4025 277 4081 et
293 4036 334 4081 ex
351 4014 415 4081 alto
433 4013 579 4080 seductas
596 4012 724 4080 aethere
740 4013 835 4100 longe

126 4102 289 4195 despectat
305 4109 405 4171 terras
423 4110 589 4187 totumque
606 4098 787 4191 supervolat
804 4096 922 4172 orbern.
