2800 4500
312 256 678 318 METAMORPHOSEON
694 255 768 316 LIB.
786 257 839 317 XI.
855 257 1000 318 ass-ets
1107 242 1169 313 187

151 404 205 450 ore
223 383 327 450 serens
346 382 448 470 Ceyx.
490 384 546 450 illo
562 383 618 468 qui
634 395 778 469 tempore
793 395 932 451 maestus

151 469 437 554 dissimilisquesui
453 469 584 535 fratrem
600 469 731 556 lugebat
749 469 941 554 ademptum.

150 575 214 638 quo
231 572 399 640 postquam
416 556 574 622 Aeacides
591 554 694 620 fessus
713 575 851 637 curaque
867 554 983 637 viaque

150 640 241 720 venit,
254 651 285 705 et
301 640 430 706 intravit
445 641 554 726 paucis
572 639 795 704 comitantibus
811 639 933 716 urbem,
1189 657 1237 707 275

150 744 293 809 quosque
310 748 424 812 greges
441 748 606 811 pecorum,
624 746 706 810 quae
724 746 833 789 secum
849 734 992 789 armenta
1008 722 1164 800 trelrebat,

150 808 237 875 haud
253 810 364 896 procul
381 835 401 875 a
417 811 515 876 muris
534 810 594 875 sub
611 831 711 958 opaea
728 810 811 875 valle
827 809 963 893 reliquit,

150 895 243 980 copia
259 917 332 961 cum
349 895 434 961 facta
451 906 499 962 est
516 895 621 961 adeun
644 895 655 958 i
671 895 775 981 prima
792 894 926 979 tyranni,

150 981 328 1046 velamenta
344 1003 442 1046 manu
458 980 668 1067 praetendens
685 978 917 1065 supplice„qui
934 979 984 1055 sit,

150 1087 278 1150 quoque
295 1077 395 1142 satus,
413 1074 574 1130 memorat.
640 1075 764 1131 tautum
781 1087 840 1129 sua
856 1064 989 1129 crimina
1006 1065 1086 1129 celat
1188 1083 1239 1133 aso

150 1150 362 1235 mentiturque
380 1150 477 1236 fugae
495 1172 637 1225 oausam3
697 1149 748 1227 tit,
766 1151 845 1214 urbe
862 1151 914 1214 vel
931 1171 1009 1235 agro

150 1257 185 1301 se
202 1236 299 1302 iuvet.
342 1235 428 1300 hunc
444 1246 553 1301 contra
569 1172 696 1320 placidi
711 1234 901 1300 Trachinius
918 1257 972 1300 ore

149 1321 266 1386 talibus
284 1321 467 1405 alloquitur:
486 1321 623 1387 ‘mediae
640 1341 768 1404 quoque
785 1320 952 1385 commoda
968 1318 1054 1405 plebi

149 1417 257 1472 nostra
273 1416 396 1491 patent,
414 1406 528 1481 Peleu,
546 1427 606 1470 nec
622 1405 782 1490 inhospita
798 1426 898 1490 regna
914 1416 1068 1470 tenemus.

150 1491 247 1555 adicis
265 1491 339 1556 huic
357 1491 462 1556 animo
478 1501 640 1556 momenta
656 1490 811 1577 potentia,
830 1491 950 1557 clarum
1189 1507 1238 1557 285

148 1597 264 1641 nomen
281 1597 442 1660 avumque
457 1576 579 1641 Iovem.
622 1598 662 1642 ne
680 1586 744 1641 tem
767 1597 823 1640 ors
839 1575 937 1661 perde
953 1574 1127 1661 precando:

149 1661 236 1745 quod
252 1661 349 1747 petis,
367 1683 460 1726 omne
477 1661 570 1727 feres.
614 1673 732 1746 tuaque
745 1598 829 1726 baec
845 1682 903 1746 pro
920 1672 1010 1746 parte
1026 1670 1150 1738 vocato,

149 1746 393 1831 qualiacumque
410 1746 510 1812 vides.
553 1746 674 1813 utinam
691 1746 823 1812 meliora
840 1744 993 1811 videresl'

149 1843 182 1896 et
198 1831 304 1897 flebat.
347 1843 473 1897 moveat
490 1842 594 1897 tantos
610 1853 694 1914 quae
711 1853 809 1896 causa
826 1831 959 1907 dolores,

148 1914 329 2000 Peleusque
348 1917 541 1999 comitesque
557 1926 681 2001 rogant.
724 1915 841 1999 quibus
857 1915 911 1980 ille
927 1914 1085 2000 profatur:
1189 1933 1240 1982 290

149 2000 296 2066 ‘forsitan
313 2000 396 2067 hano
411 2001 582 2076 volucrem,
600 2011 691 2085 rapto
709 2021 791 2083 quae
808 1999 887 2064 vivit
904 2012 935 2065 et
951 2021 1061 2064 omnes
1123 1998 1239 2079 (Daeda-

149 2096 245 2152 terret
262 2108 352 2162 aves,
370 2107 494 2170 semper
510 2108 631 2169 pennas
649 2084 798 2150 habuisse
815 2084 952 2169 putetis?
1146 2068 1218 2131 ΨΜ)

149 2171 199 2234 vir
215 2170 276 2236 fuit
290 2172 481 2252 (et-tanta
499 2181 547 2235 est
564 2170 661 2235 animi
678 2169 854 2239 constantia
869 2201 913 2212 —-
928 2168 993 2234 iam
1011 2180 1078 2234 turn

149 2279 223 2321 acer
240 2267 306 2322 erat
323 2255 470 2339 belloque
487 2256 578 2321 ferox
596 2255 637 2321 ad
653 2255 782 2339 vimque
799 2265 951 2345 paratus),

149 2341 276 2406 nomine
293 2340 486 2417 Daedalion3
504 2343 587 2407 tillo
605 2344 747 2429 genitore
765 2353 899 2419 creatus,
1191 2358 1240 2407 295

149 2427 207 2511 qui
223 2437 316 2492 vocat
333 2426 493 2491 Auroram
511 2426 662 2509 caeloque
678 2425 870 2489 novissimus
888 2423 962 2490 exit.

150 2513 236 2577 culta
251 2511 330 2576 mihi
346 2533 410 2597 pax
427 2521 490 2587 est,
507 2511 595 2596 pacis
612 2509 690 2574 mihi
707 2532 784 2575 cura
801 2511 956 2576 tenendae

149 2597 351 2684 coniugiique
368 2595 443 2661 fuit:
460 2595 550 2661 fratri
567 2595 635 2662 fera
652 2595 736 2660 bella
752 2595 929 2681 placebant.

148 2683 233 2749 illius
250 2683 349 2747 virtus
367 2703 459 2783 reges
476 2691 650 2767 gentesque
667 2680 803 2766 subegit,

149 2790 232 2853 quae
249 2790 334 2833 nunc
351 2767 527 2831 Th1sbaeas
544 2766 645 2852 agitat
661 2776 783 2832 mutata
799 2765 972 2830 columbas.

33 2880 34 2883 ¹
149 2865 225 2918 nata
242 2863 309 2919 erat
325 2851 400 2917 huic
413 2849 550 2917 Chione.
595 2872 677 2934 quae
695 2850 891 2916 dotatissima
908 2849 1011 2915 forma
1066 2907 1076 2926 ,

149 2939 236 3004 mille
252 2958 366 3023 procos
382 2936 508 3013 habuit,
526 2935 576 3001 bis
594 2958 628 3001 se
651 2945 716 3000 tem
732 2935 850 3001 nubilis
868 2935 968 3000 annis.

150 3024 233 3089 forte
250 3033 444 3089 revertentes
460 3021 612 3087 Phoebus
669 3020 782 3103 aiaque
799 3031 935 3098 oreatus,

150 3109 203 3174 ille
221 3108 286 3173 suis
304 3106 454 3193 Delphis,
472 3106 525 3172 hie
541 3106 658 3171 vertice
677 3103 842 3191 Cyllenae,

151 3193 258 3259 videre
275 3192 358 3257 hanc
374 3192 502 3278 pariter,
518 3192 637 3278 pariter
652 3202 777 3256 traxere
794 3192 941 3256 calorem.

152 3300 241 3364 spem
258 3277 393 3354 Veneris
411 3276 517 3342 differt
533 3276 567 3341 in
584 3287 726 3361 tempora
742 3276 844 3341 noctis
860 3276 993 3362 Apollo:

151 3385 216 3427 non
233 3362 295 3427 fert
311 3363 364 3427 ille
381 3383 500 3438 moras,
517 3363 671 3447 virgaque
688 3372 835 3427 movente
853 3382 999 3445 soporem

152 3445 283 3532 virginis
301 3468 336 3511 os
354 3447 465 3530 tangit.
507 3457 595 3512 tactu
611 3446 693 3511 iacet
710 3446 765 3511 illa
780 3447 901 3532 potenti

152 3532 281 3616 vimque
299 3530 349 3597 dei
366 3531 494 3616 patitur.
537 3554 602 3596 nox
619 3532 742 3596 caelum
760 3541 918 3616 sparserat
935 3529 1040 3594 astris:

152 3615 304 3683 Phoebus
322 3638 418 3681 anum
436 3615 563 3680 simulat
579 3626 810 3716 praereptaque
827 3615 945 3700 gaudia
962 3614 1067 3679 sumit.

152 3713 189 3767 ut
205 3724 264 3767 sua
279 3712 423 3765 matums
441 3702 608 3801 eomplevrt
625 3711 768 3786 tempora
784 3711 904 3777 venter,

152 3786 285 3872 alipedis
303 3785 342 3851 de
361 3785 457 3871 stirpe
474 3785 526 3849 der
543 3798 670 3851 versuta
687 3803 830 3871 propago

104 3923 108 3940 ,
151 3872 292 3938 nascitur
309 3872 502 3955 Autolycus,
519 3870 639 3935 furtum
656 3871 840 3957 ingeniosus
857 3868 898 3933 ad
917 3890 1020 3947 omne,

151 3957 208 4042 qui
225 3957 330 4022 facere
349 3965 505 4031 assuerat,
523 3954 643 4041 patriae
661 3977 726 4020 non
744 3954 882 4039 degener
899 3954 985 4034 artis,
1070 4017 1073 4020 a

153 4042 289 4111 candida
305 4042 346 4110 de
362 4040 461 4129 nigris
479 4040 567 4106 etde
585 4039 791 4106 candentibus
809 4049 891 4105 atra:
