2800 4500
255 223 317 299 148
458 296 461 299 ,
585 235 619 293 Ρ.
639 234 764 303 OVIDII
780 233 946 294 NASONIS

185 380 236 432 100
253 372 309 426 aut
326 383 364 426 su
387 381 426 433 01,
438 358 588 445 imposita
604 359 726 427 celatur
742 359 917 427 harundine
937 357 1098 426 damnum.
1172 379 1209 425 ·,
1269 405 1274 431 ,

253 457 287 512 at
303 456 349 523 te,
364 383 468 512 110000
485 445 594 523 ferox,
609 444 752 511 eiusdem
769 444 901 531 virginis
918 445 1012 510 ardor
1026 507 1028 510 ,

253 530 433 619 perdiderat
449 529 570 596 volueri
587 530 754 596 traiectum
771 541 862 616 terga
879 529 1005 616 sagitta.

253 638 391 701 namque
407 638 492 681 nova
508 627 655 701 repetens
665 615 791 765 patrios
808 637 882 681 oum
900 615 1034 702 coniuge
1051 638 1161 683 muros

201 748 208 779 ,
228 748 232 773 2
252 713 383 768 venerat
399 699 648 787 Euenimpidas
684 722 744 766 010
761 712 854 766 natus
872 700 914 766 ad
930 702 1043 766 undas.
1117 746 1119 749 ψ

186 807 235 859 105
254 787 381 853 uberior
398 786 501 865 solito,
518 785 634 853 nimbis
651 785 842 852 hiemalibus
859 797 971 851 auctus
1068 855 1071 858 ,

253 871 488 956 verticibusque
505 872 655 956 frequens
672 881 742 937 erat
758 882 854 956 atque
870 871 1042 957 impervius
1060 871 1171 939 amuis.

252 957 446 1045 intrepidum
462 978 521 1044 pro
538 979 589 1035 se,
607 979 717 1024 curam
732 956 775 1024 de
791 957 928 1043 coniuge
945 970 1093 1043 agentem
1219 977 1221 979 ·
1271 1009 1274 1016 .

252 1043 375 1109 Nessus
392 1042 473 1120 adit,
490 1041 705 1127 membrisque
721 1042 830 1108 valens
848 1041 1010 1127 scitusque
1026 1043 1199 1135 vadorum,
1272 1093 1274 1097 ,

204 1186 208 1205 ·.
229 1172 232 1183 ·
253 1128 557 1212 ‘officio’que‘meo
575 1128 645 1215 ripa
661 1126 791 1193 sistetur
806 1128 840 1193 in
857 1127 912 1192 illa

186 1234 236 1286 110
253 1213 357 1291 haec',
376 1214 420 1280 ait
436 1212 576 1279 ‘Alcides
594 1225 630 1279 tu
646 1212 767 1278 viribus
784 1223 874 1279 utere
891 1212 1026 1292 nand03'
1197 1279 1200 1282 ⁴

239 1300 487 1385 'pallentemque
503 1308 589 1365 metu
607 1296 804 1382 fluviumque
820 1298 990 1384 ipsumque
1006 1299 1169 1367 timentem
1270 1336 1274 1345 ·

253 1384 383 1450 tradidit
399 1384 525 1449 Aonius
542 1383 692 1470 pavidam
712 1380 913 1469 Calydonida
928 1385 1042 1451 Nesso.

252 1493 344 1547 mox,
360 1480 397 1535 nt
414 1480 496 1547 erat,
512 1469 725 1555 pharetraque
742 1468 849 1555 gravis
867 1469 1031 1556 spolioque
1048 1470 1148 1537 leonis

203 1624 206 1631 ,
225 1590 232 1631 ;
253 1555 342 1639 (nam
360 1556 481 1620 clavam
500 1566 532 1620 01
548 1576 663 1620 curvos
680 1565 768 1620 trans
785 1553 888 1640 ripam
904 1554 1033 1621 miserat
1049 1558 1158 1641 010110)
1236 1609 1239 1615 .

186 1660 235 1710 115
254 1638 525 1725 ‘quandoquidem
541 1639 648 1726 coepi,
665 1651 854 1726 superentur
870 1640 1014 1706 flumina’
1033 1641 1123 1720 dixit,

253 1748 313 1792 neo
330 1725 455 1791 dubitat
470 1746 545 1804 uec,
562 1725 685 1811 quasit
702 1725 965 1792 clementissimus
983 1727 1097 1805 amnis,

252 1811 391 1896 quaerit,
409 1821 441 1877 et
458 1811 611 1912 obsequio
629 1809 747 1878 deferri
763 1810 882 1897 spernit
899 1832 1063 1896 aquarum.

253 1897 380 1983 iamque
397 1907 508 1965 teneus
524 1919 640 1984 ripam,
657 1897 772 1963 missos
789 1918 863 1962 cum
879 1897 1003 1964 tolleret
1020 1920 1121 1975 arcus,

254 1981 398 2070 coniugis
415 1981 546 2070 agnovit
562 2004 685 2060 vocem,
701 1981 1010 2069 Nessoqueparanti

187 2090 237 2141 120
254 2068 364 2135 fallere
381 2067 421 2138 de
464 2069 574 2134 situm:
597 2073 676 2153 ‘quo
694 2077 727 2134 te
743 2067 874 2134 fiducia’
893 2069 1008 2135 clamat
1166 2130 1169 2137 .

254 2161 354 2219 ‘vana
370 2176 410 2240 pe
434 2176 502 2230 um,
519 2154 672 2231 violente,
689 2153 791 2240 rapit?
808 2153 879 2230 tibi,
896 2154 930 2219 N
930 2177 999 2221 esse
1016 2154 1170 2232 biformis,

254 2239 404 2306 dicimus:
421 2240 554 2318 exaudi,
571 2263 699 2306 necros
716 2238 868 2326 intercipe
884 2240 1024 2306 nostras!

254 2326 282 2391 si
300 2337 330 2392 10
346 2325 436 2390 nulla
451 2325 519 2394 mei.
531 2325 709 2392 reverentia
726 2324 840 2401 movit,
858 2336 891 2390 at
908 2326 1001 2391 orbes

202 2467 208 2485 ,
230 2469 234 2482 ,
254 2410 440 2477 concubitus
457 2409 570 2477 vetitos
587 2421 734 2496 poterant
749 2410 892 2477 inhibere
909 2412 1043 2497 paterni.

187 2516 236 2568 125
254 2496 340 2561 haud
357 2506 464 2561 tamen
480 2495 630 2580 effugies,
645 2495 793 2579 quamvis
810 2517 870 2581 ope
886 2495 959 2561 fidis
976 2498 1101 2580 equina.

253 2582 398 2658 vulnere,
415 2601 479 2646 non
496 2581 630 2666 pedibus
648 2592 680 2646 te
697 2580 893 2664 consequar!
936 2581 1047 2647 ultima
1064 2583 1149 2648 diota

253 2689 288 2733 re
303 2666 419 2768 probat
435 2677 467 2732 01
483 2666 580 2731 missa
595 2665 752 2752 fugientia
768 2677 859 2753 terga
876 2666 992 2752 sagitta

253 2752 367 2817 traroit.
410 2750 539 2817 extabat
554 2751 674 2817 ferrum
692 2750 732 2817 de
748 2763 876 2838 pectore
894 2753 1063 2818 aduncum.

203 2897 205 2902 ,
231 2893 234 2902 .
253 2838 340 2922 quod
357 2836 450 2902 simul
468 2838 613 2903 evulsum
630 2847 692 2915 est,
715 2836 844 2924 sanguis
865 2859 924 2923 per
939 2849 1110 2923 utrumque
1131 2838 1277 2910 foramen

187 2943 237 2994 100
254 2922 396 3000 emicuit,
413 2923 532 2988 mixtus
548 2922 687 2989 Lernaei
704 2923 778 2989 tabe
795 2923 918 2990 veneni.

253 3008 372 3094 exeipit
387 3008 473 3073 huuc
489 3008 621 3075 Nessus.
664 3013 783 3093 ‘neque
800 3009 884 3075 enim
900 3008 1071 3075 moriemur
1086 3009 1193 3075 inulti'

255 3116 364 3159 seeum
381 3093 438 3171 ait,
455 3103 488 3160 01
504 3093 607 3159 calido
623 3095 782 3160 velamina
798 3094 897 3159 tincta
914 3115 1025 3160 cruore
1075 3135 1077 3139 ι

253 3180 308 3244 dat
324 3201 439 3244 munus
456 3190 565 3265 raptae
581 3180 670 3246 velut
686 3179 848 3245 irritamen
865 3180 990 3245 amoris.

229 3301 233 3337 2
295 3264 412 3367 Longa
424 3264 485 3330 fuit
493 3263 590 3331 medii
602 3287 692 3330 mora
704 3264 865 3366 temporis,
879 3276 1012 3349 actaque
1025 3265 1134 3352 magni
1151 3265 1277 3320 Haradu

187 3369 235 3419 105
252 3351 402 3417 Herculis
418 3350 587 3436 implerant
602 3361 717 3427 terras,
734 3351 905 3435 odiumque
921 3373 1087 3417 novercae.
1168 3350 1248 3388 Μ’·

253 3436 354 3502 victor
369 3436 412 3502 ab
430 3433 585 3501 Oechalia
601 3432 731 3502 (lenaeo
749 3458 839 3501 sacra
855 3436 988 3523 parabat

253 3533 329 3588 vota
344 3521 429 3598 Iovi,
446 3541 520 3586 eum
536 3521 625 3587 fama
638 3521 758 3607 loquax
797 3521 946 3587 raecessit
963 3523 1004 3587 ad
1021 3545 1125 3601 aures,

252 3606 421 3685 Deianira,
437 3616 524 3685 tuas,
541 3606 725 3692 quaereris
783 3607 858 3673 dere
875 3606 956 3672 falsa
1085 3615 1087 3618 ’

205 3751 212 3765 0
231 3731 234 3761 ;
251 3691 372 3779 gaudet
390 3701 422 3757 et
438 3714 456 3757 e
473 3692 603 3758 minimo
619 3714 679 3758 sua
694 3713 754 3778 per
769 3692 935 3760 mendacia
952 3693 1074 3772 erescit,

186 3796 237 3848 140
253 3778 319 3841 Am
342 3777 562 3863 hitryoniaden
579 3778 664 3845 Ioles
681 3777 793 3845 ardore
811 3778 920 3845 teneri.
1028 3808 1030 3810 ·
1125 3837 1127 3842 ,

254 3884 305 3928 010
328 3861 353 3926 11
369 3884 480 3927 amans
496 3863 697 3947 Venerisque
711 3884 813 3930 novae
830 3864 996 3951 perterrita
1011 3864 1099 3929 fama

253 3946 384 4016 indulsit
400 3947 501 4032 primo
517 3947 655 4014 lacrimis
673 3949 842 4034 flendoque
859 3949 1000 4015 dolorem

254 4030 381 4098 diffudit
396 4031 576 4099 mheranda
593 4056 696 4124 suum,
739 4056 814 4124 mox
831 4034 1056 4122 deinde‘quid
1072 4045 1179 4126 autem
