2800 4500
310 275 677 336 METAMORPHOSEON
693 277 769 333 ΗΒ.
786 277 819 333 11
833 277 978 336 tte-833.
1114 265 1156 331 37

135 400 262 468 vincula
279 401 458 488 cingebant.
501 401 562 467 ado
586 411 717 484 artaque
733 399 873 467 nubibus
891 401 976 481 atris,
1000 410 1003 419 “
1176 420 1226 470 790

135 509 338 572 quacumque
354 486 541 573 ingreditur,
558 424 702 553 durentia
719 487 851 573 proterit
867 510 945 553 arva

136 571 436 657 exuritque-herbas
454 584 486 638 et
502 595 628 638 summa
644 571 810 638 cacumina
827 572 928 659 carpit

135 659 317 742 adflatuque
335 679 393 723 suo
410 658 544 744 populos
560 658 720 743 urbesque
738 658 913 741 domosque

135 743 262 846 polluit,
281 755 313 809 et
330 744 457 809 tandem
475 742 641 809 Tritonida
658 743 811 830 conspicit
826 765 932 810 arcem

135 828 271 915 mgeniis
287 828 465 914 opibusque
482 840 515 895 et
530 829 612 894 festa
629 850 709 914 pace
725 829 888 908 virentem,

135 916 254 998 vixque
270 925 357 979 tenet
372 914 533 991 lacrimae,
550 914 626 998 quia
641 915 686 979 nil
702 914 896 980 lacrimabile
914 913 1021 980 cernit

136 999 194 1065 sed
210 1011 377 1100 postquam
394 999 550 1066 thalamos
566 1000 695 1065 intravit
713 998 858 1086 Cecrope
873 1011 978 1078 natae,

137 1085 223 1150 iussa
239 1084 316 1150 lacrt
331 1096 505 1170 pectusque
523 1108 621 1150 manu
637 1085 800 1186 ferrugine
816 1086 914 1151 tincta

138 1170 239 1256 tangit
256 1180 288 1235 et
304 1169 439 1235 hamatis
456 1170 641 1256 praecordia
658 1173 801 1243 sentibus
817 1170 938 1258 implet,

136 1256 329 1341 inspiratque
346 1277 463 1321 nocens
480 1255 566 1320 virus
583 1257 773 1341 piceumque
790 1278 848 1343 per
864 1278 937 1322 ossa

137 1340 269 1426 dissipat
285 1351 317 1406 et
333 1341 438 1406 medio
456 1341 576 1441 spargit
594 1342 742 1427 pulmone
759 1364 926 1408 venenum.

135 1448 216 1491 neve
234 1425 310 1489 mali
327 1448 442 1491 causae
458 1438 597 1513 spatrum
613 1450 670 1513 per
685 1427 782 1492 latius
798 1438 913 1506 errent,

134 1534 319 1598 germanam
336 1522 409 1576 ante
426 1512 535 1577 oculos
552 1512 812 1597 fortunatumque
828 1513 943 1579 sororis

135 1596 319 1682 coniugium
335 1596 531 1682 pulchraque
548 1597 643 1663 deum
661 1599 723 1663 sub
738 1598 878 1685 imagine
895 1599 985 1686 ponit

137 1693 313 1765 cunctaque
330 1704 448 1767 magna
463 1682 549 1748 facit.
592 1683 709 1768 quibus
726 1684 860 1760 irritata,
878 1684 986 1751 dolore

140 1765 289 1852 Cecropis
305 1768 429 1832 occulto
445 1768 608 1834 mordetur
624 1780 657 1834 et
673 1770 769 1835 anxia
784 1781 888 1847 nocte,

134 1853 230 1917 anxia
246 1853 318 1918 luce
334 1852 434 1938 gemit
448 1853 598 1938 lentaque
613 1854 791 1920 miserrima
807 1855 881 1921 tabe

117 1938 275 2021 liquitur,
292 1948 328 2001 ut
345 1938 463 2022 glacies
479 1938 598 2004 incerto
615 1940 724 2005 saucia
741 1940 817 2006 sole.

134 2022 299 2107 felicisque
317 2023 407 2088 bonis
425 2045 488 2088 non
505 2023 609 2089 lenius
625 2024 728 2089 uritur
744 2026 875 2102 Herses,

134 2131 231 2192 quam
248 2129 322 2173 cum
338 2108 473 2259 sginosis
490 2108 573 2194 ignis
590 2111 783 2195 supponitur,
795 2110 912 2188 herbis,

135 2216 216 2278 quae
233 2210 337 2278 neque
377 2206 432 2260 ant
447 2194 591 2260 flammas
607 2194 734 2279 lenique
751 2207 860 2282 tepore
877 2205 1065 2263 cremantur.

136 2302 230 2365 saepe
247 2279 327 2343 mori
344 2279 458 2356 voluit,
475 2302 517 2346 ne
535 2281 706 2364 quicquam
723 2283 786 2348 tale
803 2283 937 2348 videretz

134 2387 230 2449 saepe
247 2364 335 2431 velut
351 2364 469 2430 crimen
486 2365 588 2452 rigido
605 2389 733 2432 narrare
750 2368 887 2453 parenti:

134 2450 271 2533 denique
288 2451 321 2513 in
338 2451 471 2515 adverso
488 2451 667 2518 venientem
683 2453 793 2518 limine
810 2454 892 2519 sedit

133 2535 301 2599 exclusura
318 2534 423 2599 deum.
467 2536 519 2601 cui
536 2536 752 2603 blandimenta
766 2560 941 2652 precesque

133 2619 294 2703 verbaque
310 2619 439 2685 iactanti
455 2621 621 2687 mitissima
638 2623 761 2688 ‘desine
793 2624 885 2690 dixit:

133 2705 222 2770 ‘hinc
240 2727 301 2790 ego
318 2727 370 2770 me
386 2727 451 2771 non
469 2729 540 2771 sum
556 2707 618 2772 nisi
634 2719 666 2773 te
682 2720 808 2775 motura
823 2709 970 2796 repulso!

133 2789 282 2855 ‘stemus'
301 2790 345 2855 ait
362 2790 485 2877 ‘pacto'
503 2793 597 2857 velox
614 2790 780 2877 Cyllenius
797 2794 893 2871 ‘istu'

132 2876 322 2960 caelestique
350 2875 435 2941 fores
450 2876 542 2963 virga
559 2878 719 2963 patefecit.
762 2879 857 2948 atilli

132 2982 262 3045 surgere
280 2961 407 3025 conanti
423 2973 542 3048 partes,
560 2985 778 3048 quascumque
795 2965 935 3030 sedendo

132 3046 302 3121 flectimus,
320 3046 437 3131 ignava
453 3059 616 3131 nequeunt
631 3050 787 3134 gravitate
804 3050 935 3117 moveri.

133 3129 186 3195 illa
203 3130 333 3214 quidem
349 3144 473 3217 pugnat
487 3146 573 3202 recto
591 3156 625 3198 se
643 3134 787 3200 attollere
804 3146 926 3213 trunco,

133 3216 188 3280 sed
204 3237 346 3301 genuum
363 3217 509 3282 iunctura
525 3217 620 3303 riget,
638 3218 804 3304 frigusque
820 3243 878 3306 per
894 3222 1014 3307 inguen

131 3300 257 3376 labitur,
276 3312 308 3365 et
324 3302 443 3386 pallent
460 3302 575 3368 amisso
593 3305 747 3389 sanguine
764 3328 874 3371 venae.

130 3399 230 3469 utque
247 3386 367 3450 malum
384 3388 447 3452 late
464 3388 543 3453 solet
559 3388 791 3456 immedicabile
809 3412 921 3458 cancer

132 3493 258 3556 serpere
276 3481 308 3536 et
324 3470 460 3537 inlaesas
477 3472 595 3538 vitiatis
612 3475 730 3540 addere
746 3486 861 3560 partes,

131 3555 177 3620 sic
193 3555 296 3620 letalis
313 3556 414 3621 hiems
431 3558 585 3643 paulatim
600 3559 634 3624 in
650 3571 779 3645 pectora
795 3561 882 3627 venit

130 3641 305 3725 vitalesque
323 3641 391 3706 vias
408 3654 440 3707 et
456 3643 663 3729 respiramina
679 3645 801 3711 clausit.

129 3747 190 3791 nec
207 3737 321 3791 conata
337 3725 426 3809 loqui
442 3737 503 3803 est,
521 3750 593 3806 nec,
611 3729 639 3794 si
656 3742 769 3795 conata
784 3731 907 3809 fuisset,

129 3810 218 3874 vocis
235 3810 374 3876 habebat
389 3811 459 3877 iter.
502 3835 615 3880 saxum
631 3816 695 3879 iam
713 3816 794 3881 colla
810 3817 948 3895 tenebat,
1166 3839 1217 3889 830

129 3916 249 3978 oraque
266 3896 451 3974 duruerant,
469 3897 658 3983 signumque
676 3923 822 3987 exangue
839 3903 980 3969 sedebat

128 4001 189 4044 uec
205 3980 285 4066 lapis
302 3982 393 4047 albus
412 3993 492 4048 erat:
511 4005 569 4048 sua
585 4007 674 4051 mens
691 3986 843 4052 infecerat
860 3988 956 4053 illam.

172 4065 243 4136 Has
259 4064 316 4136 ubi
332 4068 501 4136 verborum
518 4091 637 4159 poenas
654 4072 830 4160 mentisque
847 4074 998 4164 profanae
1096 4089 1213 4165 Europa
