2800 4500
221 295 588 392 rmusuoaeflosuou
605 297 678 353 um.
695 298 748 357 ur.
767 298 911 354 05-07.
928 298 966 353 rc
985 299 1010 354 1.
1021 298 1048 355 a
1083 264 1146 352 1'63'

126 443 208 507 quae
225 420 303 487 mihi
320 422 387 488 sola
402 431 506 488 nocet.
549 421 637 487 venit
653 443 727 486 ecee
745 419 882 506 optabile
900 431 1035 507 tempus,

124 508 244 593 luxque
260 507 375 594 iugalis
391 508 494 584 adest,
513 518 544 573 et
559 507 624 572 iam
642 530 714 572 mea
731 507 785 571 fiet
801 505 928 571 Ianthe:
1163 525 1214 577 rao

124 614 185 658 nec
200 592 279 658 mihi
296 593 470 680 continget:
489 592 600 658 mediis
619 591 761 656 sitiemus
778 591 812 655 in
829 590 932 655 undis.

124 677 270 764 pronuba
286 677 364 780 quid
380 678 472 756 Iuno,
490 677 567 761 quid
584 677 625 742 ad
642 678 736 754 haec,
753 677 954 761 Hymenaee,
973 674 1086 790 venitis

125 784 229 840 sacra,
246 763 364 848 quibus
380 762 436 849 qui
452 763 548 829 ducat
565 763 669 839 abest,
686 761 743 827 nbi
759 761 910 827 nubimus
927 760 1060 827 ambae?

124 848 238 935 pressit
255 848 297 914 ab
313 847 364 914 his
380 869 502 915 vocem.
544 869 605 914 nec
620 846 723 913 lenius
740 846 839 912 altera
856 846 946 932 virgo

12 968 16 975 ·
124 945 262 1012 aestuat,
278 944 378 1018 utque
395 934 479 1000 celer
495 933 619 1009 venias,
636 934 839 1018 Hymenaee,
856 922 1018 1018 precatur,
1164 950 1213 1004 700

124 1018 211 1103 quod
250 1019 307 1084 etit
323 1020 416 1097 haec,
433 1018 607 1085 Telethusa
624 1018 739 1083 timens
755 1017 851 1081 modo
868 1027 1011 1103 tempora
1028 1016 1146 1096 differt,

123 1125 209 1171 nuno
225 1042 298 1170 dcto
315 1106 468 1190 languore
485 1125 606 1168 moram
623 1103 733 1180 trahit,
750 1103 858 1168 omina
874 1124 970 1187 saepe

124 1189 255 1274 visaque
272 1202 429 1254 causatur.
473 1188 610 1254 sedium
627 1198 867 1273 consumpserat
882 1208 1010 1253 omnem

123 1275 288 1340 materiam
305 1275 386 1351 ficti,
403 1274 479 1339 dilat
522 1296 564 1341 ue
581 1285 725 1361 tempora
742 1273 853 1339 taedae

10 1424 16 1430 .
124 1359 316 1436 institerant,
334 1381 480 1443 unusque
519 1359 564 1425 ies
581 1359 731 1425 restabat.
775 1358 879 1424 atille
1164 1375 1215 1427 770

123 1445 275 1510 crinalem
292 1443 405 1530 eapitis
422 1445 535 1512 vittam
551 1457 710 1531 nataeque
729 1444 789 1510 sibi
811 1465 853 1509 ue

124 1529 259 1595 detrahit
275 1541 308 1596 et
324 1531 426 1616 passis
444 1552 532 1594 aram
549 1530 715 1616 complexa
732 1529 801 1615 cap‘
826 1529 853 1594 ie

123 1614 196 1692 ‘Isi,
213 1613 439 1681 Paraetonium
455 1615 696 1700 Mareoticaque
713 1637 790 1680 arva
806 1614 999 1698 Pharonque

123 1720 205 1784 qnae
223 1701 299 1766 colis
317 1712 348 1767 et
365 1712 486 1787 septem
504 1700 664 1787 digestum
680 1700 715 1765 in
732 1721 852 1765 cornua
867 1700 987 1778 Nilum,

122 1787 181 1862 fer,
220 1785 329 1864 recor,’
347 1785 449 1870 inquit
466 1791 575 1873 ‘opem
591 1796 764 1869 nostroque
781 1788 909 1850 medere
925 1782 1046 1850 timoril
1163 1802 1213 1855 770

122 1880 170 1948 te,
210 1893 261 1948 ea,
279 1882 311 1937 te
329 1871 489 1955 quondam
506 1883 625 1955 tuaque
642 1870 722 1936 haec
738 1869 876 1955 insignia
891 1869 958 1934 vidi

122 1971 300 2041 cunctaque
317 1956 467 2042 cognovi,
485 1956 623 2020 sonitum
640 1955 885 2038 comitantiaque
901 1977 976 2019 aera

122 2041 300 2118 sistrorum,
318 2041 512 2124 memorique
530 2040 635 2105 animo
652 2050 709 2105 tua
724 2041 811 2104 iussa
827 2038 945 2104 notavi.

122 2127 209 2211 quod
226 2125 314 2192 videt
330 2126 409 2191 haec
426 2126 544 2203 lucem,
563 2125 649 2209 quod
665 2146 731 2190 non
748 2146 809 2210 ego
826 2123 951 2210 punior,
969 2145 1044 2191 0000

122 2211 288 2278 consilium
305 2232 485 2295 munusque
502 2223 592 2276 tuum
609 2222 666 2277 eet
709 2209 858 2277 miserere
875 2208 1021 2287 duarum,
1163 2228 1214 2280 780

123 2297 304 2381 auxilioque
320 2296 416 2362 iuva’
458 2296 607 2363 lacrimae
625 2308 699 2362 sunt
716 2297 814 2362 verba
831 2308 969 2361 secutae.
1032 2348 1040 2357 ,Α
1091 2318 1094 2325 ·

121 2382 190 2448 visa
208 2383 268 2449 dea
285 2393 333 2449 est
349 2382 486 2448 movisse
503 2405 578 2448 suas
594 2418 639 2430 -
655 2393 688 2448 et
704 2392 847 2447 moverat
862 2416 907 2427 -
923 2403 1005 2458 aras,

121 2480 155 2535 et
170 2467 280 2555 templi
297 2481 453 2534 tremuere
470 2468 569 2546 fores,
586 2467 771 2551 imitataque
788 2468 897 2531 lunam

121 2576 240 2620 cornua
256 2553 426 2630 fulserunt,
445 2553 629 2702 crepuitque
646 2553 789 2618 sonabile
806 2552 944 2617 sistrum.

5 2653 7 2657 ‘
120 2660 185 2705 nou
202 2660 313 2705 secura
329 2638 473 2722 quidem,
504 2651 596 2704 austo
612 2649 720 2704 tamen
737 2638 842 2703 omine
858 2637 943 2702 laeta
1163 2655 1212 2705 785
1252 2728 1257 2739 ⁸

120 2736 223 2790 mater
239 2723 305 2788 abit
322 2724 450 2810 templo.
493 2724 636 2807 sequitur
653 2744 759 2789 comes
776 2723 878 2809 Iphis·
884 2733 1021 2799 euntem,

120 2831 218 2893 quam
235 2809 328 2874 solita
344 2809 542 2892 est,.maiore
559 2807 677 2894 gradu:
693 2830 754 2873 nec
771 2807 891 2872 candor
906 2808 940 2870 in
958 2830 1012 2874 ore

1 2907 7 2926 ³
105 2906 299 2981 permanet,
315 2905 348 2960 et
364 2894 447 2960 vires
465 2905 632 2980 augentur,
650 2904 682 2958 et
699 2892 802 2958 acrior
818 2893 887 2977 ipse
905 2903 953 2957 est

119 2980 242 3056 vultus,
260 2990 292 3046 et
308 2979 476 3065 incomptis
494 2979 621 3044 brevior
636 2999 787 3043 mensura
803 2977 939 3062 capillisc
1195 3034 1197 3038 ,

142 3065 255 3149 lusque
273 3064 390 3150 vigoris
408 3063 512 3141 adest,
530 3063 641 3128 habuit
657 3083 755 3146 quam
771 3062 899 3127 femina.
942 3084 1018 3126 nam
1035 3083 1118 3146 quae
1162 3082 1213 3132 700

119 3086 239 3215 lemine
255 3172 357 3234 nuper
373 3172 459 3227 eras,
476 3171 557 3236 puer
573 3171 618 3215 es.
662 3149 736 3214 date
752 3170 886 3213 munera
901 3147 1028 3232 templis

119 3256 179 3299 nec
196 3234 307 3299 timida
323 3235 460 3319 gaudete
477 3234 553 3300 fidel
589 3234 665 3299 dant
683 3255 817 3299 munera
832 3244 896 3298 tem
919 3232 972 3308 lis;

120 3317 242 3383 addunt
259 3332 291 3383 et
307 3319 448 3396 titulum3
467 3320 576 3385 titulus
592 3320 690 3385 breve
708 3340 836 3384 carmen
852 3319 895 3383 ha
937 3318 1006 3382 batt

1 3477 3 3480 ¹
121 3403 219 3468 ‘dona
235 3424 316 3489 puer
332 3404 439 3480 solvit,
457 3425 540 3487 quae
556 3404 675 3470 femina
691 3414 833 3479 voverat,
850 3402 960 3489 Iphis?

119 3500 246 3578 postera
263 3487 319 3551 lux
335 3488 432 3552 radiis
449 3489 549 3553 latum
566 3489 759 3575 patefecerat
777 3488 897 3564 orbem,
1147 3490 1231 3572 ’700
1270 3537 1272 3542 -

120 3594 194 3638 cum
211 3572 322 3639 Venus
339 3584 370 3638 et
388 3573 469 3637 luno
487 3574 652 3657 sociosque
670 3576 878 3659 Hymenaeus
896 3574 937 3637 ad
954 3573 1062 3658 ignes·
1211 3569 1217 3584 ’

120 3658 325 3734 conveniunt,
343 3657 525 3744 potiturque
543 3681 602 3724 sua
618 3681 698 3746 puer
715 3660 804 3745 Iphis
822 3658 946 3723 lanthe.

930 3863 932 3867 ·
961 3856 968 3873 ἢ

474 3875 590 3931 ursus
606 3842 786 3952 00οι000.
841 3851 879 3958 ²„
936 3875 940 3889 ·
980 3913 985 3930 .

118 3999 199 4066 Inde
216 4022 274 4086 per
289 3998 480 4065 immensum
498 4020 609 4065 croceo
626 4000 750 4065 velatus
767 3999 885 4065 amictu
1016 3964 1023 3973 .
1050 3959 1060 3971 ἱ
1087 4015 1210 4086 orptem.

119 4084 248 4156 aethera
265 4084 440 4177 digreditur
457 4081 677 4171 Ciconumque
695 4086 904 4174 Hymenaeus
921 4085 963 4150 ad
981 4107 1052 4152 oras

808 4204 812 4211 ’
913 4186 964 4240 11·
