2800 4500
223 252 266 322 90
554 266 588 326 Ρ.
607 264 732 327 OVIDII
748 264 912 326 NASONIS

222 414 281 457 nec
298 392 398 458 factas
415 391 518 458 solum
534 402 638 457 vestes
655 403 797 478 spectare
814 391 945 456 iuvabat
950 414 959 467 ;

222 489 292 543 tum
308 499 450 562 quoque,
468 501 541 543 cum
558 477 685 543 lierentz
702 488 809 543 tantus
827 477 923 542 decor
940 475 1042 541 adfuit
1060 473 1130 542 artt

223 564 290 629 sive
307 563 419 629 rudem
435 563 554 649 primos
572 563 677 627 lanam
694 562 893 649 glomerabat
909 563 943 627 in
960 562 1065 640 orbes,

172 667 205 716 ao
223 670 280 715 seu
297 647 404 734 digitis
421 648 590 734 subigebat
606 670 687 734 opus
704 648 900 733 repetitaque
918 649 1014 733 longo

222 734 340 799 vellera
356 733 499 799 mollibat
514 733 648 799 nebulas
665 734 836 817 aequantia
852 744 967 810 tractu,

222 820 289 885 sive
306 819 369 884 levi
386 829 517 885 teretem
535 819 683 884 versabat
722 818 813 884 ollice
830 819 949 894 fusum,

223 928 279 970 seu
296 905 449 990 pingebat
466 926 541 969 acu:
559 904 655 969 scires
673 926 693 968 a
740 904 843 969 allade
861 905 997 969 doctam.

222 991 308 1073 quod
326 1001 433 1055 tamen
450 991 520 1076 ipsa
536 1000 646 1074 negat,
664 999 817 1073 tantaque
834 989 957 1054 offensa
972 988 1125 1073 magistra

173 1095 204 1143 25
223 1075 350 1141 ‘certet’
370 1076 414 1139 ait
431 1082 580 1139 ‘mecum
623 1074 703 1139 nihil
721 1086 782 1150 est,
800 1075 885 1158 quod
902 1074 987 1140 victa
1003 1070 1166 1138 recusem.²

221 1160 330 1225 Pallas
348 1183 443 1246 auum
461 1160 589 1224 simulat
605 1158 767 1242 falsosque
783 1158 815 1224 in
834 1171 978 1246 tempora
995 1180 1090 1224 canos

169 1308 181 1312 ,,
221 1246 309 1309 addit
326 1259 357 1310 et
374 1246 523 1321 infirmos,
542 1245 655 1312 baculo
666 1270 747 1332 quos
766 1250 910 1326 sustinet,
928 1261 1026 1318 artus.
1076 1256 1080 1265 “

222 1347 291 1400 tum
308 1334 354 1399 sic
371 1355 443 1399 orsa
459 1333 560 1418 loquir
578 1339 658 1398 ‘non
675 1332 781 1397 omnia
798 1333 948 1433 grandior
963 1344 1062 1408 aetas,

223 1441 306 1503 quae
324 1419 494 1504 fugiamus,
512 1417 621 1483 habet:
640 1417 718 1483 seris
735 1429 824 1482 vemt
839 1441 917 1482 usus
934 1417 976 1483 ab
994 1417 1095 1483 annis.

173 1525 206 1573 to
224 1504 389 1569 consilium
406 1526 447 1569 ne
465 1526 578 1589 sperne
594 1526 712 1568 meum.
755 1502 813 1567 tibi
830 1503 918 1567 fama
933 1514 1059 1588 petatur

223 1591 305 1654 inter
321 1590 469 1654 mortales
486 1589 651 1654 faciendae
668 1588 808 1652 maxima
825 1590 930 1654 lanae:

224 1676 301 1740 cede
319 1675 398 1739 deae
415 1674 603 1758 veniamque
619 1673 698 1750 tuis,
715 1674 896 1748 temeraria,
914 1673 1006 1739 dictis

224 1759 365 1846 supplice
382 1781 460 1825 voce
478 1780 565 1843 roga.
609 1760 736 1824 veniam
753 1759 842 1823 dabit
859 1759 914 1823 illa
929 1759 1075 1845 roganti.’

223 1844 336 1931 aspicit
352 1844 435 1910 hanc
452 1845 563 1921 torvis,
580 1844 771 1930 inceptaque
787 1843 842 1908 fila
857 1843 1016 1928 relinquit,

173 1951 205 2000 85
223 1932 341 2014 vixque
358 1954 488 1995 manum
504 1930 653 2007 retinens,
671 1928 880 2012 confessaque
897 1929 1036 1994 vultibus
1054 1930 1134 1993 iram

223 2018 339 2082 talibus
356 2015 524 2081 obscuram
541 2025 684 2082 resecuta
702 2025 749 2080 est
766 2014 902 2079 Pallada
919 2014 1025 2079 dictis:

224 2103 351 2167 ‘mentis
368 2101 460 2187 inops
476 2101 635 2187 longaque
652 2100 741 2166 denis
759 2100 904 2165 confecta
921 2110 1058 2165 senecta.

223 2199 255 2255 et
271 2188 404 2254 nimium
421 2187 538 2253 vixisse
555 2187 610 2252 diu
627 2197 730 2253 nocet.
775 2185 987 2264 audistisne,
1187 2259 1190 2262 ¹

223 2275 250 2339 si
267 2296 332 2358 qua
349 2273 407 2338 tibi
423 2296 522 2338 nurus
540 2283 602 2349 est,
620 2272 648 2342 si
664 2294 728 2355 qua
745 2283 794 2338 est
810 2272 868 2336 tibi
884 2271 959 2349 filia,
977 2293 1082 2339 voces.

172 2379 206 2427 40
224 2359 346 2424 consilii
361 2359 440 2423 satis
457 2359 555 2424 estin
571 2381 623 2423 me
640 2358 728 2421 mihi.
771 2380 852 2423 neve
870 2357 1027 2422 monendo

222 2444 394 2530 profecisse
411 2455 517 2530 putes:
535 2444 647 2509 eadem
664 2454 712 2508 est
729 2442 884 2508 sententia
900 2442 1002 2507 nobis.

214 2553 280 2607 ¹cur
296 2551 361 2594 non
378 2530 448 2615 ipsa
464 2529 569 2593 venit?
586 2551 644 2593 cur
659 2527 740 2593 haec
757 2528 929 2592 certamina
947 2528 1044 2593 vitat?

223 2626 291 2679 tum
309 2616 369 2679 dea
387 2614 515 2679 ‘venitl’
533 2614 579 2679 ait
594 2613 793 2697 formamque
810 2614 944 2679 removit
960 2614 1075 2677 anilem

222 2700 420 2784 Palladaque
438 2699 590 2765 exhibuit.
634 2710 825 2765 venerantur
841 2698 972 2763 numina
989 2696 1150 2784 nymphae

171 2807 205 2854 45
223 2786 501 2872 Mygdonidesque
519 2807 632 2850 nurus:
652 2786 719 2849 sola
736 2795 865 2849 estnon
883 2784 992 2849 territa
1009 2784 1110 2870 virgo.
1249 2792 1251 2796 ’

223 2873 280 2936 scd
297 2883 404 2936 tamen
421 2870 556 2946 erubuit,
575 2870 761 2953 subitusque
779 2869 879 2934 invita
895 2869 1018 2934 notavit

224 2979 280 3021 ora
296 2956 394 3020 rubor
410 2978 580 3039 rursusque
598 2956 740 3020 evanuit:
759 2966 796 3019 ut
813 2954 893 3020 solet
909 2960 964 3020 adr

222 3064 401 3129 purpureus
420 3042 500 3118 lieri,
518 3041 745 3126 cumprimum
763 3062 877 3104 aurora
893 3052 1048 3117 movetur,

224 3141 255 3192 et
273 3129 369 3192 breve
386 3139 458 3211 post
475 3138 601 3212 tempus
619 3126 807 3191 candescere
826 3125 899 3189 solis
917 3124 958 3190 ab
975 3136 1056 3190 ortu.

172 3234 206 3283 oo
223 3225 343 3315 perstat
359 3214 393 3277 in
409 3213 549 3298 incepto,
568 3211 763 3295 stolidaeque
781 3210 929 3296 cupidine
945 3211 1070 3296 palmae

222 3323 255 3364 rn
273 3320 332 3363 sua
347 3298 415 3363 fata
430 3298 503 3362 ruit.
545 3318 650 3381 neque
667 3296 753 3361 enim
769 3296 845 3362 love
863 3306 938 3360 nata
953 3306 1080 3360 recusat

222 3405 282 3450 neo
299 3394 406 3449 monet
423 3383 553 3449 ulterius
571 3404 630 3447 uec
646 3382 712 3446 iam
730 3382 901 3447 certamina
918 3381 1034 3446 differt.

222 3461 308 3526 haud
325 3481 423 3535 mora,
441 3460 636 3524 constituunt
654 3459 786 3521 diversis
805 3457 947 3540 partibus
966 3458 1077 3517 ambae

221 3564 253 3616 et
269 3548 380 3636 gracili
397 3546 541 3634 geminas
558 3543 725 3610 intendunt
743 3539 877 3606 stamine
894 3540 983 3605 telas.

170 3656 203 3706 oe
221 3638 284 3702 tela
301 3636 377 3721 iugo
394 3633 501 3698 vincta
517 3644 579 3706 est,
597 3643 720 3694 stamen
737 3626 872 3692 secernit
888 3624 1043 3703 harundo,

221 3720 368 3785 inseritur
385 3717 525 3784 medium
542 3715 639 3780 radiis
657 3713 824 3778 subtemen
842 3710 954 3787 acutis,

222 3804 308 3889 quod
324 3802 416 3888 digiti
433 3801 619 3887 expediunt,
636 3811 732 3881 atque
749 3795 831 3861 iuter
848 3796 983 3860 stamina
1000 3795 1131 3859 ductum

223 3910 372 3976 percusso
380 3887 514 3971 paviunt
524 3885 636 3951 insecti
652 3882 776 3969 pectine
795 3881 914 3946 dentes.

212 3984 357 4056 ¹utraque
375 3973 516 4049 festinat,
534 3971 718 4052 cinctaeque
737 3967 778 4059 ad
796 3977 924 4052 pectora
942 3975 1046 4030 vestes

173 4080 207 4134 60
223 4057 371 4126 bracchia
389 4058 482 4124 docta
497 4066 640 4135 movent,
657 4052 762 4120 studio
779 4051 908 4119 fallente
925 4051 1075 4120 laborem.
