<?xml version="1.0" encoding="UTF-8"?>
<!DOCTYPE html PUBLIC "-//W3C//DTD XHTML 1.0 Transitional//EN"
    "http://www.w3.org/TR/xhtml1/DTD/xhtml1-transitional.dtd">
<html xmlns="http://www.w3.org/1999/xhtml" xml:lang="en" lang="en">
 <head>
  <title>
</title>
<meta http-equiv="Content-Type" content="text/html;charset=utf-8" />
  <meta name='ocr-system' content='tesseract 3.04.00' />
  <meta name='ocr-capabilities' content='ocr_page ocr_carea ocr_par ocr_line ocrx_word'/>
</head>
<body>
  <div class='ocr_page' id='page_1' title='image "./povidiinasonisc00unkngoog_0336.png"; bbox 0 0 2800 4500; ppageno 0'>
   <div class='ocr_carea' id='block_1_1' title="bbox 177 293 943 398">
    <p class='ocr_par' dir='ltr' id='par_1_1' title="bbox 177 293 943 398">
     <span class='ocr_line' id='line_1_1' title="bbox 177 293 943 398; baseline 0.007 -28"><span class='ocrx_word' id='word_1_1' title='bbox 177 293 204 398; x_wconf 54' lang='grc' dir='ltr'><strong><em>ἶ</em></strong></span> <span class='ocrx_word' id='word_1_2' title='bbox 251 299 318 371; x_wconf 78' lang='lat'>234</span> <span class='ocrx_word' id='word_1_3' title='bbox 584 316 619 377; x_wconf 82' lang='grc' dir='ltr'>ι.</span> <span class='ocrx_word' id='word_1_4' title='bbox 638 314 764 376; x_wconf 84' lang='lat' dir='ltr'>ovum</span> <span class='ocrx_word' id='word_1_5' title='bbox 780 314 943 376; x_wconf 79' lang='lat' dir='ltr'>nnsoms</span> 
     </span>
    </p>
   </div>
   <div class='ocr_carea' id='block_1_2' title="bbox 185 438 1278 3778">
    <p class='ocr_par' dir='ltr' id='par_1_2' title="bbox 185 438 1278 3778">
     <span class='ocr_line' id='line_1_2' title="bbox 253 438 1123 520; baseline 0.002 -13"><span class='ocrx_word' id='word_1_6' title='bbox 253 451 343 508; x_wconf 88' lang='lat' dir='ltr'>const</span> <span class='ocrx_word' id='word_1_7' title='bbox 330 439 393 508; x_wconf 88' lang='lat' dir='ltr'>titit</span> <span class='ocrx_word' id='word_1_8' title='bbox 407 438 470 508; x_wconf 86' lang='lat' dir='ltr'>hic.</span> <span class='ocrx_word' id='word_1_9' title='bbox 514 451 545 507; x_wconf 91' lang='lat' dir='ltr'>et</span> <span class='ocrx_word' id='word_1_10' title='bbox 562 451 631 506; x_wconf 91' lang='lat' dir='ltr'>tuta</span> <span class='ocrx_word' id='word_1_11' title='bbox 647 441 728 520; x_wconf 88' lang='lat' dir='ltr'>loco,</span> <span class='ocrx_word' id='word_1_12' title='bbox 746 453 963 507; x_wconf 89' lang='lat' dir='ltr'>monstrumne</span> <span class='ocrx_word' id='word_1_13' title='bbox 981 439 1101 509; x_wconf 79' lang='lat' dir='ltr'>deusne</span> <span class='ocrx_word' id='word_1_14' title='bbox 1120 474 1123 479; x_wconf 94' lang='lat'>·</span> 
     </span>
     <span class='ocr_line' id='line_1_3' title="bbox 253 526 969 612; baseline 0 -20"><span class='ocrx_word' id='word_1_15' title='bbox 253 528 306 593; x_wconf 91' lang='lat' dir='ltr'>ille</span> <span class='ocrx_word' id='word_1_16' title='bbox 323 527 378 604; x_wconf 87' lang='lat' dir='ltr'>sit,</span> <span class='ocrx_word' id='word_1_17' title='bbox 395 526 560 612; x_wconf 81' lang='lat' dir='ltr'>ignorans,</span> <span class='ocrx_word' id='word_1_18' title='bbox 578 527 815 611; x_wconf 78' lang='lat' dir='ltr'>admiraturque</span> <span class='ocrx_word' id='word_1_19' title='bbox 832 528 969 593; x_wconf 89' lang='lat' dir='ltr'>colorem</span> 
     </span>
     <span class='ocr_line' id='line_1_4' title="bbox 253 613 1163 714; baseline 0 -36"><span class='ocrx_word' id='word_1_20' title='bbox 253 613 511 713; x_wconf 78' lang='lat' dir='ltr'>caesariemque,</span> <span class='ocrx_word' id='word_1_21' title='bbox 519 635 645 678; x_wconf 89' lang='lat' dir='ltr'>umeros</span> <span class='ocrx_word' id='word_1_22' title='bbox 663 613 869 697; x_wconf 86' lang='lat' dir='ltr'>subiectaque</span> <span class='ocrx_word' id='word_1_23' title='bbox 886 624 976 713; x_wconf 87' lang='lat' dir='ltr'>terga</span> <span class='ocrx_word' id='word_1_24' title='bbox 993 624 1163 714; x_wconf 82' lang='lat' dir='ltr'>tegentem,</span> 
     </span>
     <span class='ocr_line' id='line_1_5' title="bbox 253 698 1083 800; baseline 0.001 -37"><span class='ocrx_word' id='word_1_25' title='bbox 253 699 426 783; x_wconf 89' lang='lat' dir='ltr'>ultimaque</span> <span class='ocrx_word' id='word_1_26' title='bbox 431 698 581 800; x_wconf 86' lang='lat' dir='ltr'>excipiat</span> <span class='ocrx_word' id='word_1_27' title='bbox 598 698 683 782; x_wconf 92' lang='lat' dir='ltr'>quod</span> <span class='ocrx_word' id='word_1_28' title='bbox 701 698 839 763; x_wconf 90' lang='lat' dir='ltr'>tortilis</span> <span class='ocrx_word' id='word_1_29' title='bbox 830 699 962 784; x_wconf 86' lang='lat' dir='ltr'>mguina</span> <span class='ocrx_word' id='word_1_30' title='bbox 979 699 1083 784; x_wconf 88' lang='lat' dir='ltr'>piscis</span> 
     </span>
     <span class='ocr_line' id='line_1_6' title="bbox 186 783 1073 887; baseline 0.001 -39"><span class='ocrx_word' id='word_1_31' title='bbox 186 807 234 857; x_wconf 71' lang='grc' dir='ltr'>ιιι</span> <span class='ocrx_word' id='word_1_32' title='bbox 253 784 363 851; x_wconf 87' lang='lat' dir='ltr'>sensit:</span> <span class='ocrx_word' id='word_1_33' title='bbox 382 793 414 849; x_wconf 92' lang='lat' dir='ltr'>et</span> <span class='ocrx_word' id='word_1_34' title='bbox 430 783 581 860; x_wconf 87' lang='lat' dir='ltr'>innitens,</span> <span class='ocrx_word' id='word_1_35' title='bbox 599 805 682 869; x_wconf 90' lang='lat' dir='ltr'>quae</span> <span class='ocrx_word' id='word_1_36' title='bbox 699 784 805 849; x_wconf 85' lang='lat' dir='ltr'>stabat</span> <span class='ocrx_word' id='word_1_37' title='bbox 820 785 979 870; x_wconf 85' lang='lat' dir='ltr'>proxima,</span> <span class='ocrx_word' id='word_1_38' title='bbox 995 784 1073 887; x_wconf 77' lang='lat' dir='ltr'>moli</span> 
     </span>
     <span class='ocr_line' id='line_1_7' title="bbox 253 869 1104 982; baseline 0 -47"><span class='ocrx_word' id='word_1_39' title='bbox 253 876 332 935; x_wconf 89' lang='lat' dir='ltr'>‘non</span> <span class='ocrx_word' id='word_1_40' title='bbox 349 891 419 982; x_wconf 84' lang='lat' dir='ltr'>ego</span> <span class='ocrx_word' id='word_1_41' title='bbox 427 870 607 969; x_wconf 87' lang='lat' dir='ltr'>prodigium</span> <span class='ocrx_word' id='word_1_42' title='bbox 624 891 684 935; x_wconf 90' lang='lat' dir='ltr'>nec</span> <span class='ocrx_word' id='word_1_43' title='bbox 702 893 773 934; x_wconf 91' lang='lat' dir='ltr'>sum</span> <span class='ocrx_word' id='word_1_44' title='bbox 791 869 860 936; x_wconf 80' lang='lat' dir='ltr'>fera</span> <span class='ocrx_word' id='word_1_45' title='bbox 877 870 1034 946; x_wconf 90' lang='lat' dir='ltr'>belua,</span> <span class='ocrx_word' id='word_1_46' title='bbox 1002 892 1104 955; x_wconf 84' lang='lat' dir='ltr'>vrrgo,</span> 
     </span>
     <span class='ocr_line' id='line_1_8' title="bbox 253 954 1275 1039; baseline 0.004 -18"><span class='ocrx_word' id='word_1_47' title='bbox 253 956 310 1021; x_wconf 83' lang='lat' dir='ltr'>sed</span> <span class='ocrx_word' id='word_1_48' title='bbox 327 954 419 1019; x_wconf 89' lang='lat' dir='ltr'>deus&#39;</span> <span class='ocrx_word' id='word_1_49' title='bbox 440 954 575 1038; x_wconf 91' lang='lat' dir='ltr'>inquit‘</span> <span class='ocrx_word' id='word_1_50' title='bbox 581 976 693 1038; x_wconf 85' lang='lat' dir='ltr'>aquae</span> <span class='ocrx_word' id='word_1_51' title='bbox 736 977 796 1020; x_wconf 90' lang='lat' dir='ltr'>nec</span> <span class='ocrx_word' id='word_1_52' title='bbox 812 955 915 1020; x_wconf 90' lang='lat' dir='ltr'>maius</span> <span class='ocrx_word' id='word_1_53' title='bbox 933 955 965 1019; x_wconf 91' lang='lat' dir='ltr'>in</span> <span class='ocrx_word' id='word_1_54' title='bbox 984 977 1122 1039; x_wconf 88' lang='lat' dir='ltr'>aequora</span> <span class='ocrx_word' id='word_1_55' title='bbox 1137 956 1275 1025; x_wconf 88' lang='lat' dir='ltr'>Proteus</span> 
     </span>
     <span class='ocr_line' id='line_1_9' title="bbox 252 1039 1142 1124; baseline -0.001 -18"><span class='ocrx_word' id='word_1_56' title='bbox 252 1041 302 1106; x_wconf 89' lang='lat' dir='ltr'>ius</span> <span class='ocrx_word' id='word_1_57' title='bbox 320 1039 416 1105; x_wconf 88' lang='lat' dir='ltr'>habet</span> <span class='ocrx_word' id='word_1_58' title='bbox 434 1053 465 1105; x_wconf 89' lang='lat' dir='ltr'>et</span> <span class='ocrx_word' id='word_1_59' title='bbox 482 1040 594 1105; x_wconf 84' lang='lat' dir='ltr'>Triton</span> <span class='ocrx_word' id='word_1_60' title='bbox 611 1039 940 1124; x_wconf 80' lang='lat' dir='ltr'>Athamantiadesque</span> <span class='ocrx_word' id='word_1_61' title='bbox 957 1040 1142 1109; x_wconf 85' lang='lat' dir='ltr'>Palaemon</span> 
     </span>
     <span class='ocr_line' id='line_1_10' title="bbox 253 1126 1086 1193; baseline 0.001 -2"><span class='ocrx_word' id='word_1_62' title='bbox 253 1137 326 1191; x_wconf 88' lang='lat' dir='ltr'>ante</span> <span class='ocrx_word' id='word_1_63' title='bbox 344 1138 450 1191; x_wconf 86' lang='lat' dir='ltr'>tamen</span> <span class='ocrx_word' id='word_1_64' title='bbox 466 1126 607 1191; x_wconf 88' lang='lat' dir='ltr'>mortalis</span> <span class='ocrx_word' id='word_1_65' title='bbox 625 1148 727 1191; x_wconf 89' lang='lat' dir='ltr'>eram.</span> <span class='ocrx_word' id='word_1_66' title='bbox 745 1127 801 1193; x_wconf 88' lang='lat' dir='ltr'>sed</span> <span class='ocrx_word' id='word_1_67' title='bbox 818 1126 998 1192; x_wconf 92' lang='lat' dir='ltr'>—scilicet</span> <span class='ocrx_word' id='word_1_68' title='bbox 1015 1126 1086 1192; x_wconf 87' lang='lat' dir='ltr'>altis</span> 
     </span>
     <span class='ocr_line' id='line_1_11' title="bbox 186 1211 1148 1295; baseline 0 -18"><span class='ocrx_word' id='word_1_69' title='bbox 186 1234 235 1284; x_wconf 79' lang='grc' dir='ltr'>ιιι</span> <span class='ocrx_word' id='word_1_70' title='bbox 253 1212 378 1277; x_wconf 89' lang='lat' dir='ltr'>debitus</span> <span class='ocrx_word' id='word_1_71' title='bbox 396 1211 586 1295; x_wconf 80' lang='lat' dir='ltr'>aequoribus</span> <span class='ocrx_word' id='word_1_72' title='bbox 602 1246 646 1257; x_wconf 91' lang='lat'>—</span> <span class='ocrx_word' id='word_1_73' title='bbox 669 1213 736 1276; x_wconf 87' lang='lat' dir='ltr'>iam</span> <span class='ocrx_word' id='word_1_74' title='bbox 753 1223 821 1274; x_wconf 90' lang='lat' dir='ltr'>tum</span> <span class='ocrx_word' id='word_1_75' title='bbox 838 1211 1035 1276; x_wconf 85' lang='lat' dir='ltr'>exercebar</span> <span class='ocrx_word' id='word_1_76' title='bbox 1026 1234 1059 1275; x_wconf 89' lang='grc' dir='ltr'>ιι</span> <span class='ocrx_word' id='word_1_77' title='bbox 1076 1211 1148 1277; x_wconf 90' lang='lat' dir='ltr'>illis</span> 
     </span>
     <span class='ocr_line' id='line_1_12' title="bbox 252 1296 1002 1399; baseline 0 -37"><span class='ocrx_word' id='word_1_78' title='bbox 252 1321 327 1363; x_wconf 91' lang='lat' dir='ltr'>nam</span> <span class='ocrx_word' id='word_1_79' title='bbox 344 1297 439 1399; x_wconf 81' lang='lat' dir='ltr'>modo</span> <span class='ocrx_word' id='word_1_80' title='bbox 457 1296 614 1362; x_wconf 90' lang='lat' dir='ltr'>ducebam</span> <span class='ocrx_word' id='word_1_81' title='bbox 631 1296 843 1362; x_wconf 88' lang='lat' dir='ltr'>ducentiat</span> <span class='ocrx_word' id='word_1_82' title='bbox 795 1307 843 1362; x_wconf 90' lang='lat' dir='ltr'>ret</span> <span class='ocrx_word' id='word_1_83' title='bbox 842 1297 874 1362; x_wconf 89' lang='lat' dir='ltr'>ia</span> <span class='ocrx_word' id='word_1_84' title='bbox 890 1298 1002 1398; x_wconf 83' lang='lat' dir='ltr'>pisces,</span> 
     </span>
     <span class='ocr_line' id='line_1_13' title="bbox 252 1381 1146 1451; baseline 0 -3"><span class='ocrx_word' id='word_1_85' title='bbox 252 1383 388 1449; x_wconf 89' lang='lat' dir='ltr'>nuncin</span> <span class='ocrx_word' id='word_1_86' title='bbox 405 1382 488 1447; x_wconf 91' lang='lat' dir='ltr'>mole</span> <span class='ocrx_word' id='word_1_87' title='bbox 506 1383 619 1448; x_wconf 90' lang='lat' dir='ltr'>sedens</span> <span class='ocrx_word' id='word_1_88' title='bbox 636 1381 826 1447; x_wconf 88' lang='lat' dir='ltr'>moderabar</span> <span class='ocrx_word' id='word_1_89' title='bbox 842 1382 1018 1449; x_wconf 88' lang='lat' dir='ltr'>harundine</span> <span class='ocrx_word' id='word_1_90' title='bbox 1035 1383 1146 1451; x_wconf 86' lang='lat' dir='ltr'>linum.</span> 
     </span>
     <span class='ocr_line' id='line_1_14' title="bbox 254 1467 977 1569; baseline -0.003 -35"><span class='ocrx_word' id='word_1_91' title='bbox 254 1479 328 1534; x_wconf 91' lang='lat' dir='ltr'>sunt</span> <span class='ocrx_word' id='word_1_92' title='bbox 344 1467 437 1533; x_wconf 86' lang='lat' dir='ltr'>viridi</span> <span class='ocrx_word' id='word_1_93' title='bbox 454 1480 546 1554; x_wconf 91' lang='lat' dir='ltr'>prato</span> <span class='ocrx_word' id='word_1_94' title='bbox 564 1467 753 1533; x_wconf 83' lang='lat' dir='ltr'>confiniat</span> <span class='ocrx_word' id='word_1_95' title='bbox 717 1468 823 1569; x_wconf 70' lang='lat' dir='ltr'>litora,</span> <span class='ocrx_word' id='word_1_96' title='bbox 842 1490 977 1552; x_wconf 92' lang='lat' dir='ltr'>quorum</span> 
     </span>
     <span class='ocr_line' id='line_1_15' title="bbox 253 1553 1066 1654; baseline 0 -35"><span class='ocrx_word' id='word_1_97' title='bbox 253 1555 352 1620; x_wconf 88' lang='lat' dir='ltr'>altera</span> <span class='ocrx_word' id='word_1_98' title='bbox 368 1576 442 1639; x_wconf 87' lang='lat' dir='ltr'>pars</span> <span class='ocrx_word' id='word_1_99' title='bbox 459 1554 568 1630; x_wconf 89' lang='lat' dir='ltr'>undis,</span> <span class='ocrx_word' id='word_1_100' title='bbox 585 1574 658 1639; x_wconf 89' lang='lat' dir='ltr'>pars</span> <span class='ocrx_word' id='word_1_101' title='bbox 675 1554 776 1619; x_wconf 85' lang='lat' dir='ltr'>altera</span> <span class='ocrx_word' id='word_1_102' title='bbox 791 1553 942 1654; x_wconf 80' lang='lat' dir='ltr'>cingitur</span> <span class='ocrx_word' id='word_1_103' title='bbox 944 1553 1066 1620; x_wconf 86' lang='lat' dir='ltr'>herbis.</span> 
     </span>
     <span class='ocr_line' id='line_1_16' title="bbox 186 1639 1096 1740; baseline -0.005 -30"><span class='ocrx_word' id='word_1_104' title='bbox 186 1662 234 1712; x_wconf 80' lang='grc' dir='ltr'>ιιι</span> <span class='ocrx_word' id='word_1_105' title='bbox 253 1661 332 1723; x_wconf 86' lang='lat' dir='ltr'>quas</span> <span class='ocrx_word' id='word_1_106' title='bbox 350 1661 453 1723; x_wconf 88' lang='lat' dir='ltr'>neque</span> <span class='ocrx_word' id='word_1_107' title='bbox 471 1639 654 1740; x_wconf 83' lang='lat' dir='ltr'>cornigerae</span> <span class='ocrx_word' id='word_1_108' title='bbox 671 1660 779 1703; x_wconf 90' lang='lat' dir='ltr'>morsu</span> <span class='ocrx_word' id='word_1_109' title='bbox 796 1639 942 1705; x_wconf 84' lang='lat' dir='ltr'>laesere</span> <span class='ocrx_word' id='word_1_110' title='bbox 932 1661 1096 1716; x_wconf 85' lang='lat' dir='ltr'>ruvencae,</span> 
     </span>
     <span class='ocr_line' id='line_1_17' title="bbox 251 1722 1069 1826; baseline 0 -36"><span class='ocrx_word' id='word_1_111' title='bbox 251 1748 311 1791; x_wconf 89' lang='lat' dir='ltr'>nec</span> <span class='ocrx_word' id='word_1_112' title='bbox 328 1724 526 1826; x_wconf 82' lang='lat' dir='ltr'>placidaca</span> <span class='ocrx_word' id='word_1_113' title='bbox 489 1747 543 1790; x_wconf 93' lang='grc' dir='ltr'>ιιι</span> <span class='ocrx_word' id='word_1_114' title='bbox 527 1723 649 1789; x_wconf 90' lang='lat' dir='ltr'>rsistis</span> <span class='ocrx_word' id='word_1_115' title='bbox 666 1745 743 1789; x_wconf 86' lang='lat' dir='ltr'>oves</span> <span class='ocrx_word' id='word_1_116' title='bbox 760 1722 901 1790; x_wconf 86' lang='lat' dir='ltr'>hirtaeve</span> <span class='ocrx_word' id='word_1_117' title='bbox 918 1725 1069 1810; x_wconf 84' lang='lat' dir='ltr'>capellae.</span> 
     </span>
     <span class='ocr_line' id='line_1_18' title="bbox 252 1809 999 1896; baseline -0.003 -19"><span class='ocrx_word' id='word_1_118' title='bbox 252 1833 317 1877; x_wconf 90' lang='lat' dir='ltr'>non</span> <span class='ocrx_word' id='word_1_119' title='bbox 335 1810 403 1896; x_wconf 90' lang='lat' dir='ltr'>apis</span> <span class='ocrx_word' id='word_1_120' title='bbox 420 1810 495 1876; x_wconf 91' lang='lat' dir='ltr'>inde</span> <span class='ocrx_word' id='word_1_121' title='bbox 512 1821 525 1875; x_wconf 95' lang='lat' dir='ltr'>t</span> <span class='ocrx_word' id='word_1_122' title='bbox 561 1809 585 1872; x_wconf 93' lang='lat' dir='ltr'>t</span> <span class='ocrx_word' id='word_1_123' title='bbox 602 1810 750 1875; x_wconf 90' lang='lat' dir='ltr'>collectos</span> <span class='ocrx_word' id='word_1_124' title='bbox 761 1809 879 1877; x_wconf 81' lang='lat' dir='ltr'>femine</span> <span class='ocrx_word' id='word_1_125' title='bbox 894 1810 999 1888; x_wconf 88' lang='lat' dir='ltr'>flores,</span> 
     </span>
     <span class='ocr_line' id='line_1_19' title="bbox 251 1894 1171 1997; baseline 0.001 -36"><span class='ocrx_word' id='word_1_126' title='bbox 251 1919 315 1961; x_wconf 94' lang='lat' dir='ltr'>non</span> <span class='ocrx_word' id='word_1_127' title='bbox 333 1896 409 1961; x_wconf 86' lang='lat' dir='ltr'>data</span> <span class='ocrx_word' id='word_1_128' title='bbox 425 1906 498 1961; x_wconf 93' lang='lat' dir='ltr'>sunt</span> <span class='ocrx_word' id='word_1_129' title='bbox 516 1894 612 1981; x_wconf 90' lang='lat' dir='ltr'>capiti</span> <span class='ocrx_word' id='word_1_130' title='bbox 628 1894 767 1980; x_wconf 81' lang='lat' dir='ltr'>genialia</span> <span class='ocrx_word' id='word_1_131' title='bbox 783 1906 881 1974; x_wconf 88' lang='lat' dir='ltr'>serta,</span> <span class='ocrx_word' id='word_1_132' title='bbox 898 1917 1002 1981; x_wconf 90' lang='lat' dir='ltr'>neque</span> <span class='ocrx_word' id='word_1_133' title='bbox 1010 1919 1171 1997; x_wconf 87' lang='lat' dir='ltr'>umquam</span> 
     </span>
     <span class='ocr_line' id='line_1_20' title="bbox 252 1981 1063 2083; baseline 0 -37"><span class='ocrx_word' id='word_1_134' title='bbox 252 1981 413 2047; x_wconf 81' lang='lat' dir='ltr'>falciferae</span> <span class='ocrx_word' id='word_1_135' title='bbox 430 2003 559 2047; x_wconf 89' lang='lat' dir='ltr'>secuere</span> <span class='ocrx_word' id='word_1_136' title='bbox 576 2003 699 2046; x_wconf 87' lang='lat' dir='ltr'>manus.</span> <span class='ocrx_word' id='word_1_137' title='bbox 743 2003 804 2067; x_wconf 80' lang='lat' dir='ltr'>ego</span> <span class='ocrx_word' id='word_1_138' title='bbox 821 1981 951 2083; x_wconf 78' lang='lat' dir='ltr'>primus</span> <span class='ocrx_word' id='word_1_139' title='bbox 959 1982 992 2046; x_wconf 95' lang='lat' dir='ltr'>in</span> <span class='ocrx_word' id='word_1_140' title='bbox 1009 1981 1063 2048; x_wconf 93' lang='lat' dir='ltr'>illo</span> 
     </span>
     <span class='ocr_line' id='line_1_21' title="bbox 185 2066 1020 2154; baseline -0.002 -20"><span class='ocrx_word' id='word_1_141' title='bbox 185 2089 235 2140; x_wconf 81' lang='lat' dir='ltr'>oco</span> <span class='ocrx_word' id='word_1_142' title='bbox 254 2066 392 2154; x_wconf 90' lang='lat' dir='ltr'>caespite</span> <span class='ocrx_word' id='word_1_143' title='bbox 409 2066 553 2145; x_wconf 88' lang='lat' dir='ltr'>consedi,</span> <span class='ocrx_word' id='word_1_144' title='bbox 571 2067 648 2132; x_wconf 92' lang='lat' dir='ltr'>dum</span> <span class='ocrx_word' id='word_1_145' title='bbox 663 2066 731 2133; x_wconf 86' lang='lat' dir='ltr'>lina</span> <span class='ocrx_word' id='word_1_146' title='bbox 746 2067 951 2133; x_wconf 84' lang='lat' dir='ltr'>madentia</span> <span class='ocrx_word' id='word_1_147' title='bbox 926 2088 1020 2134; x_wconf 83' lang='lat' dir='ltr'>mccc.</span> 
     </span>
     <span class='ocr_line' id='line_1_22' title="bbox 253 2152 983 2255; baseline 0.003 -37.107"><span class='ocrx_word' id='word_1_148' title='bbox 253 2165 352 2239; x_wconf 91' lang='lat' dir='ltr'>utque</span> <span class='ocrx_word' id='word_1_149' title='bbox 368 2175 565 2223; x_wconf 87' lang='lat' dir='ltr'>recenserem</span> <span class='ocrx_word' id='word_1_150' title='bbox 582 2152 745 2255; x_wconf 43' lang='lat' dir='ltr'>captivos·</span> <span class='ocrx_word' id='word_1_151' title='bbox 743 2152 901 2219; x_wconf 78' lang='lat' dir='ltr'>ordine</span> <span class='ocrx_word' id='word_1_152' title='bbox 869 2176 983 2238; x_wconf 78' lang='lat' dir='ltr'>pisces,</span> 
     </span>
     <span class='ocr_line' id='line_1_23' title="bbox 252 2237 975 2341; baseline 0 -36"><span class='ocrx_word' id='word_1_153' title='bbox 252 2240 382 2327; x_wconf 89' lang='lat' dir='ltr'>insuper</span> <span class='ocrx_word' id='word_1_154' title='bbox 399 2238 546 2341; x_wconf 84' lang='lat' dir='ltr'>exposui,</span> <span class='ocrx_word' id='word_1_155' title='bbox 564 2260 646 2323; x_wconf 93' lang='lat' dir='ltr'>quos</span> <span class='ocrx_word' id='word_1_156' title='bbox 663 2250 719 2305; x_wconf 90' lang='lat' dir='ltr'>aut</span> <span class='ocrx_word' id='word_1_157' title='bbox 735 2237 770 2306; x_wconf 92' lang='lat' dir='ltr'>in</span> <span class='ocrx_word' id='word_1_158' title='bbox 785 2238 866 2305; x_wconf 90' lang='lat' dir='ltr'>retia</span> <span class='ocrx_word' id='word_1_159' title='bbox 882 2262 975 2305; x_wconf 88' lang='lat' dir='ltr'>casus</span> 
     </span>
     <span class='ocr_line' id='line_1_24' title="bbox 253 2325 1042 2411; baseline 0 -20"><span class='ocrx_word' id='word_1_160' title='bbox 253 2337 308 2392; x_wconf 92' lang='lat' dir='ltr'>aut</span> <span class='ocrx_word' id='word_1_161' title='bbox 325 2349 384 2390; x_wconf 90' lang='lat' dir='ltr'>sua</span> <span class='ocrx_word' id='word_1_162' title='bbox 401 2325 595 2391; x_wconf 87' lang='lat' dir='ltr'>credulitas</span> <span class='ocrx_word' id='word_1_163' title='bbox 585 2349 619 2390; x_wconf 89' lang='lat' dir='ltr'>m</span> <span class='ocrx_word' id='word_1_164' title='bbox 636 2325 778 2391; x_wconf 86' lang='lat' dir='ltr'>aduncos</span> <span class='ocrx_word' id='word_1_165' title='bbox 794 2336 904 2411; x_wconf 86' lang='lat' dir='ltr'>egerat</span> <span class='ocrx_word' id='word_1_166' title='bbox 920 2325 1042 2391; x_wconf 88' lang='lat' dir='ltr'>hamos.</span> 
     </span>
     <span class='ocr_line' id='line_1_25' title="bbox 252 2410 1144 2512; baseline 0.001 -36"><span class='ocrx_word' id='word_1_167' title='bbox 252 2434 303 2477; x_wconf 83' lang='lat' dir='ltr'>res</span> <span class='ocrx_word' id='word_1_168' title='bbox 321 2411 430 2476; x_wconf 91' lang='lat' dir='ltr'>similis</span> <span class='ocrx_word' id='word_1_169' title='bbox 447 2412 550 2477; x_wconf 84' lang='lat' dir='ltr'>fictae</span> <span class='ocrx_word' id='word_1_170' title='bbox 594 2411 651 2475; x_wconf 89' lang='lat' dir='ltr'>sed</span> <span class='ocrx_word' id='word_1_171' title='bbox 656 2411 746 2512; x_wconf 33' lang='lat' dir='ltr'>‘quid</span> <span class='ocrx_word' id='word_1_172' title='bbox 762 2411 841 2475; x_wconf 90' lang='lat' dir='ltr'>mihi</span> <span class='ocrx_word' id='word_1_173' title='bbox 858 2411 978 2497; x_wconf 87' lang='lat' dir='ltr'>fingere</span> <span class='ocrx_word' id='word_1_174' title='bbox 995 2410 1144 2496; x_wconf 81' lang='lat' dir='ltr'>prodest?</span> 
     </span>
     <span class='ocr_line' id='line_1_26' title="bbox 185 2462 1043 2583; baseline 0.001 -22"><span class='ocrx_word' id='word_1_175' title='bbox 185 2517 234 2567; x_wconf 74' lang='grc' dir='ltr'>ιιι</span> <span class='ocrx_word' id='word_1_176' title='bbox 252 2497 396 2583; x_wconf 86' lang='lat' dir='ltr'>gramine</span> <span class='ocrx_word' id='word_1_177' title='bbox 413 2506 559 2562; x_wconf 81' lang='lat' dir='ltr'>contacto</span> <span class='ocrx_word' id='word_1_178' title='bbox 577 2496 680 2582; x_wconf 92' lang='lat' dir='ltr'>coepit</span> <span class='ocrx_word' id='word_1_179' title='bbox 696 2519 770 2562; x_wconf 88' lang='lat' dir='ltr'>mea</span> <span class='ocrx_word' id='word_1_180' title='bbox 786 2462 923 2581; x_wconf 85' lang='lat' dir='ltr'>praeda</span> <span class='ocrx_word' id='word_1_181' title='bbox 922 2497 1043 2562; x_wconf 88' lang='lat' dir='ltr'>moveri</span> 
     </span>
     <span class='ocr_line' id='line_1_27' title="bbox 253 2581 1061 2666; baseline -0.001 -19"><span class='ocrx_word' id='word_1_182' title='bbox 253 2594 285 2648; x_wconf 91' lang='lat' dir='ltr'>et</span> <span class='ocrx_word' id='word_1_183' title='bbox 301 2592 424 2648; x_wconf 86' lang='lat' dir='ltr'>mutare</span> <span class='ocrx_word' id='word_1_184' title='bbox 440 2581 523 2647; x_wconf 93' lang='lat' dir='ltr'>latus</span> <span class='ocrx_word' id='word_1_185' title='bbox 541 2592 703 2665; x_wconf 89' lang='lat' dir='ltr'>terraque,</span> <span class='ocrx_word' id='word_1_186' title='bbox 720 2582 807 2647; x_wconf 92' lang='lat' dir='ltr'>utin</span> <span class='ocrx_word' id='word_1_187' title='bbox 824 2603 975 2666; x_wconf 85' lang='lat' dir='ltr'>aequore,</span> <span class='ocrx_word' id='word_1_188' title='bbox 993 2581 1061 2648; x_wconf 91' lang='lat' dir='ltr'>niti.</span> 
     </span>
     <span class='ocr_line' id='line_1_28' title="bbox 252 2666 1213 2768; baseline 0.001 -36"><span class='ocrx_word' id='word_1_189' title='bbox 252 2667 394 2752; x_wconf 88' lang='lat' dir='ltr'>dumque</span> <span class='ocrx_word' id='word_1_190' title='bbox 411 2688 517 2731; x_wconf 90' lang='lat' dir='ltr'>moror</span> <span class='ocrx_word' id='word_1_191' title='bbox 533 2666 692 2750; x_wconf 88' lang='lat' dir='ltr'>mirorque</span> <span class='ocrx_word' id='word_1_192' title='bbox 709 2667 819 2746; x_wconf 89' lang='lat' dir='ltr'>simul,</span> <span class='ocrx_word' id='word_1_193' title='bbox 840 2667 924 2768; x_wconf 85' lang='lat' dir='ltr'>fugit</span> <span class='ocrx_word' id='word_1_194' title='bbox 940 2667 1042 2732; x_wconf 91' lang='lat' dir='ltr'>omnis</span> <span class='ocrx_word' id='word_1_195' title='bbox 1059 2667 1092 2731; x_wconf 92' lang='lat' dir='ltr'>in</span> <span class='ocrx_word' id='word_1_196' title='bbox 1111 2667 1213 2734; x_wconf 88' lang='lat' dir='ltr'>undas</span> 
     </span>
     <span class='ocr_line' id='line_1_29' title="bbox 254 2752 1201 2837; baseline 0 -19"><span class='ocrx_word' id='word_1_197' title='bbox 254 2754 349 2818; x_wconf 88' lang='lat' dir='ltr'>turba</span> <span class='ocrx_word' id='word_1_198' title='bbox 366 2775 454 2828; x_wconf 89' lang='lat' dir='ltr'>suas,</span> <span class='ocrx_word' id='word_1_199' title='bbox 473 2752 699 2836; x_wconf 89' lang='lat' dir='ltr'>dominumque</span> <span class='ocrx_word' id='word_1_200' title='bbox 716 2775 835 2818; x_wconf 87' lang='lat' dir='ltr'>novum</span> <span class='ocrx_word' id='word_1_201' title='bbox 852 2753 991 2836; x_wconf 89' lang='lat' dir='ltr'>litusque</span> <span class='ocrx_word' id='word_1_202' title='bbox 1009 2753 1201 2837; x_wconf 89' lang='lat' dir='ltr'>relinquunt.</span> 
     </span>
     <span class='ocr_line' id='line_1_30' title="bbox 252 2838 1021 2924; baseline -0.001 -21"><span class='ocrx_word' id='word_1_203' title='bbox 252 2838 391 2924; x_wconf 89' lang='lat' dir='ltr'>obstipui</span> <span class='ocrx_word' id='word_1_204' title='bbox 408 2838 583 2921; x_wconf 90' lang='lat' dir='ltr'>dubitoque</span> <span class='ocrx_word' id='word_1_205' title='bbox 601 2838 656 2902; x_wconf 92' lang='lat' dir='ltr'>diu</span> <span class='ocrx_word' id='word_1_206' title='bbox 674 2860 867 2922; x_wconf 88' lang='lat' dir='ltr'>causamque</span> <span class='ocrx_word' id='word_1_207' title='bbox 884 2838 1021 2922; x_wconf 88' lang='lat' dir='ltr'>requiro,</span> 
     </span>
     <span class='ocr_line' id='line_1_31' title="bbox 185 2923 1135 3038; baseline 0 -49"><span class='ocrx_word' id='word_1_208' title='bbox 185 2946 235 2997; x_wconf 78' lang='grc' dir='ltr'><strong>ιιι)</strong></span> <span class='ocrx_word' id='word_1_209' title='bbox 253 2947 330 2989; x_wconf 91' lang='lat' dir='ltr'>num</span> <span class='ocrx_word' id='word_1_210' title='bbox 348 2925 427 2989; x_wconf 89' lang='lat' dir='ltr'>deus</span> <span class='ocrx_word' id='word_1_211' title='bbox 445 2924 505 2989; x_wconf 92' lang='lat' dir='ltr'>hoc</span> <span class='ocrx_word' id='word_1_212' title='bbox 522 2923 652 3038; x_wconf 84' lang='lat' dir='ltr'>uliquis,</span> <span class='ocrx_word' id='word_1_213' title='bbox 669 2947 749 2990; x_wconf 88' lang='lat' dir='ltr'>num</span> <span class='ocrx_word' id='word_1_214' title='bbox 766 2946 861 2991; x_wconf 91' lang='lat' dir='ltr'>sucus</span> <span class='ocrx_word' id='word_1_215' title='bbox 878 2923 991 2990; x_wconf 80' lang='lat' dir='ltr'>fecerit</span> <span class='ocrx_word' id='word_1_216' title='bbox 1007 2923 1135 2989; x_wconf 88' lang='lat' dir='ltr'>herbae.</span> 
     </span>
     <span class='ocr_line' id='line_1_32' title="bbox 253 3007 1278 3094; baseline 0.002 -20"><span class='ocrx_word' id='word_1_217' title='bbox 253 3016 361 3094; x_wconf 88' lang='lat' dir='ltr'>“quae</span> <span class='ocrx_word' id='word_1_218' title='bbox 375 3020 482 3075; x_wconf 89' lang='lat' dir='ltr'>tamen</span> <span class='ocrx_word' id='word_1_219' title='bbox 494 3008 602 3075; x_wconf 89' lang='lat' dir='ltr'>has</span> <span class='ocrx_word' id='word_1_220' title='bbox 593 3030 723 3093; x_wconf 87' lang='lat' dir='ltr'>mquam</span> <span class='ocrx_word' id='word_1_221' title='bbox 737 3009 846 3076; x_wconf 78' lang='lat' dir='ltr'>“vires</span> <span class='ocrx_word' id='word_1_222' title='bbox 855 3009 952 3075; x_wconf 87' lang='lat' dir='ltr'>habet</span> <span class='ocrx_word' id='word_1_223' title='bbox 960 3007 1102 3075; x_wconf 77' lang='lat' dir='ltr'>herba?</span> <span class='ocrx_word' id='word_1_224' title='bbox 1115 3031 1278 3093; x_wconf 88' lang='lat' dir='ltr'>manuque</span> 
     </span>
     <span class='ocr_line' id='line_1_33' title="bbox 252 3095 1059 3198; baseline -0.001 -38"><span class='ocrx_word' id='word_1_225' title='bbox 252 3095 372 3198; x_wconf 89' lang='lat' dir='ltr'>pabula</span> <span class='ocrx_word' id='word_1_226' title='bbox 389 3095 533 3181; x_wconf 89' lang='lat' dir='ltr'>decerpsi</span> <span class='ocrx_word' id='word_1_227' title='bbox 551 3095 763 3198; x_wconf 88' lang='lat' dir='ltr'>decerptaque</span> <span class='ocrx_word' id='word_1_228' title='bbox 781 3095 876 3161; x_wconf 91' lang='lat' dir='ltr'>dente</span> <span class='ocrx_word' id='word_1_229' title='bbox 893 3095 1059 3160; x_wconf 88' lang='lat' dir='ltr'>momordi.</span> 
     </span>
     <span class='ocr_line' id='line_1_34' title="bbox 252 3180 1051 3283; baseline -0.005 -35"><span class='ocrx_word' id='word_1_230' title='bbox 252 3182 306 3248; x_wconf 86' lang='lat' dir='ltr'>vix</span> <span class='ocrx_word' id='word_1_231' title='bbox 324 3181 406 3248; x_wconf 90' lang='lat' dir='ltr'>bene</span> <span class='ocrx_word' id='word_1_232' title='bbox 423 3180 666 3246; x_wconf 87' lang='lat' dir='ltr'>combiberant</span> <span class='ocrx_word' id='word_1_233' title='bbox 642 3193 747 3283; x_wconf 83' lang='lat' dir='ltr'>rgnot</span> <span class='ocrx_word' id='word_1_234' title='bbox 748 3203 783 3245; x_wconf 91' lang='lat' dir='ltr'>os</span> <span class='ocrx_word' id='word_1_235' title='bbox 800 3190 931 3266; x_wconf 84' lang='lat' dir='ltr'>guttura</span> <span class='ocrx_word' id='word_1_236' title='bbox 947 3202 1051 3256; x_wconf 89' lang='lat' dir='ltr'>sucos,</span> 
     </span>
     <span class='ocr_line' id='line_1_35' title="bbox 253 3265 1030 3367; baseline -0.003 -36"><span class='ocrx_word' id='word_1_237' title='bbox 253 3289 326 3331; x_wconf 90' lang='lat' dir='ltr'>cum</span> <span class='ocrx_word' id='word_1_238' title='bbox 342 3267 449 3331; x_wconf 92' lang='lat' dir='ltr'>subito</span> <span class='ocrx_word' id='word_1_239' title='bbox 466 3265 650 3367; x_wconf 89' lang='lat' dir='ltr'>trepidare</span> <span class='ocrx_word' id='word_1_240' title='bbox 641 3278 727 3331; x_wconf 90' lang='lat' dir='ltr'>mtus</span> <span class='ocrx_word' id='word_1_241' title='bbox 744 3265 929 3351; x_wconf 87' lang='lat' dir='ltr'>praecordia</span> <span class='ocrx_word' id='word_1_242' title='bbox 946 3265 1030 3331; x_wconf 88' lang='lat' dir='ltr'>sensi</span> 
     </span>
     <span class='ocr_line' id='line_1_36' title="bbox 185 3352 944 3437; baseline -0.007 -15"><span class='ocrx_word' id='word_1_243' title='bbox 185 3372 234 3422; x_wconf 78' lang='lat'>945</span> <span class='ocrx_word' id='word_1_244' title='bbox 253 3352 445 3437; x_wconf 87' lang='lat' dir='ltr'>alteriusque</span> <span class='ocrx_word' id='word_1_245' title='bbox 462 3352 532 3437; x_wconf 88' lang='lat' dir='ltr'>rapi</span> <span class='ocrx_word' id='word_1_246' title='bbox 548 3362 680 3417; x_wconf 90' lang='lat' dir='ltr'>naturae</span> <span class='ocrx_word' id='word_1_247' title='bbox 697 3365 810 3437; x_wconf 90' lang='lat' dir='ltr'>pectus</span> <span class='ocrx_word' id='word_1_248' title='bbox 827 3373 944 3417; x_wconf 89' lang='lat' dir='ltr'>amore</span> 
     </span>
     <span class='ocr_line' id='line_1_37' title="bbox 251 3435 1149 3537; baseline -0.001 -34"><span class='ocrx_word' id='word_1_249' title='bbox 251 3460 312 3504; x_wconf 92' lang='lat' dir='ltr'>nec</span> <span class='ocrx_word' id='word_1_250' title='bbox 329 3450 384 3523; x_wconf 91' lang='lat' dir='ltr'>pot</span> <span class='ocrx_word' id='word_1_251' title='bbox 385 3438 420 3502; x_wconf 93' lang='lat' dir='ltr'>ui</span> <span class='ocrx_word' id='word_1_252' title='bbox 372 3447 554 3503; x_wconf 86' lang='lat' dir='ltr'>trestare</span> <span class='ocrx_word' id='word_1_253' title='bbox 572 3436 666 3501; x_wconf 88' lang='lat' dir='ltr'>diu“</span> <span class='ocrx_word' id='word_1_254' title='bbox 670 3447 758 3522; x_wconf 89' lang='lat' dir='ltr'>repet</span> <span class='ocrx_word' id='word_1_255' title='bbox 746 3435 866 3503; x_wconf 88' lang='lat' dir='ltr'>t&#39;&#39;ends</span> <span class='ocrx_word' id='word_1_256' title='bbox 868 3458 930 3520; x_wconf 92' lang='lat' dir='ltr'>que</span> <span class='ocrx_word' id='word_1_257' title='bbox 949 3442 1149 3537; x_wconf 75' lang='lat' dir='ltr'>“numquam</span> 
     </span>
     <span class='ocr_line' id='line_1_38' title="bbox 252 3522 1127 3623; baseline -0.004 -33.951"><span class='ocrx_word' id='word_1_258' title='bbox 252 3536 350 3601; x_wconf 87' lang='lat' dir='ltr'>terra,</span> <span class='ocrx_word' id='word_1_259' title='bbox 368 3523 477 3588; x_wconf 86' lang='lat' dir='ltr'>valel”</span> <span class='ocrx_word' id='word_1_260' title='bbox 497 3522 562 3587; x_wconf 85' lang='lat' dir='ltr'>dixi</span> <span class='ocrx_word' id='word_1_261' title='bbox 568 3544 772 3623; x_wconf 90' lang='lat' dir='ltr'>,corpusque</span> <span class='ocrx_word' id='word_1_262' title='bbox 790 3522 850 3586; x_wconf 89' lang='lat' dir='ltr'>sub</span> <span class='ocrx_word' id='word_1_263' title='bbox 868 3543 1006 3605; x_wconf 87' lang='lat' dir='ltr'>aequora</span> <span class='ocrx_word' id='word_1_264' title='bbox 1023 3523 1127 3588; x_wconf 91' lang='lat' dir='ltr'>mersi.</span> 
     </span>
     <span class='ocr_line' id='line_1_39' title="bbox 253 3573 1021 3694; baseline 0 -21"><span class='ocrx_word' id='word_1_265' title='bbox 253 3610 286 3674; x_wconf 89' lang='lat' dir='ltr'>di</span> <span class='ocrx_word' id='word_1_266' title='bbox 303 3609 398 3673; x_wconf 89' lang='lat' dir='ltr'>maris</span> <span class='ocrx_word' id='word_1_267' title='bbox 417 3573 584 3694; x_wconf 72' lang='lat' dir='ltr'>excepturi</span> <span class='ocrx_word' id='word_1_268' title='bbox 602 3608 687 3673; x_wconf 90' lang='lat' dir='ltr'>socio</span> <span class='ocrx_word' id='word_1_269' title='bbox 707 3608 877 3693; x_wconf 83' lang='lat' dir='ltr'>dignantur</span> <span class='ocrx_word' id='word_1_270' title='bbox 893 3608 1021 3683; x_wconf 90' lang='lat' dir='ltr'>honore,</span> 
     </span>
     <span class='ocr_line' id='line_1_40' title="bbox 252 3662 1148 3778; baseline -0.002 -18.913"><span class='ocrx_word' id='word_1_271' title='bbox 252 3706 351 3778; x_wconf 88' lang='lat' dir='ltr'>qutue</span> <span class='ocrx_word' id='word_1_272' title='bbox 368 3693 460 3770; x_wconf 91' lang='lat' dir='ltr'>mihi,</span> <span class='ocrx_word' id='word_1_273' title='bbox 479 3714 698 3778; x_wconf 89' lang='lat' dir='ltr'>quaecumque</span> <span class='ocrx_word' id='word_1_274' title='bbox 715 3662 816 3758; x_wconf 84' lang='lat' dir='ltr'>feram</span> <span class='ocrx_word' id='word_1_275' title='bbox 833 3693 992 3771; x_wconf 86' lang='lat' dir='ltr'>mortalia,</span> <span class='ocrx_word' id='word_1_276' title='bbox 1010 3694 1148 3770; x_wconf 85' lang='lat' dir='ltr'>demant,</span> 
     </span>
    </p>
   </div>
   <div class='ocr_carea' id='block_1_3' title="bbox 186 3741 1148 4210">
    <p class='ocr_par' dir='ltr' id='par_1_3' title="bbox 186 3741 1148 4210">
     <span class='ocr_line' id='line_1_41' title="bbox 186 3741 1148 3880; baseline -0.006 -31"><span class='ocrx_word' id='word_1_277' title='bbox 186 3799 236 3849; x_wconf 80' lang='grc' dir='ltr'>ιιι</span> <span class='ocrx_word' id='word_1_278' title='bbox 254 3777 422 3846; x_wconf 90' lang='lat' dir='ltr'>Oceanum</span> <span class='ocrx_word' id='word_1_279' title='bbox 439 3742 630 3864; x_wconf 82' lang='lat' dir='ltr'>Tethynque</span> <span class='ocrx_word' id='word_1_280' title='bbox 647 3789 771 3880; x_wconf 87' lang='lat' dir='ltr'>rogant.</span> <span class='ocrx_word' id='word_1_281' title='bbox 815 3800 876 3864; x_wconf 85' lang='lat' dir='ltr'>ego</span> <span class='ocrx_word' id='word_1_282' title='bbox 893 3777 957 3843; x_wconf 90' lang='lat' dir='ltr'>lust</span> <span class='ocrx_word' id='word_1_283' title='bbox 944 3789 1010 3843; x_wconf 91' lang='lat' dir='ltr'>tror</span> <span class='ocrx_word' id='word_1_284' title='bbox 1026 3778 1067 3843; x_wconf 94' lang='lat' dir='ltr'>ab</span> <span class='ocrx_word' id='word_1_285' title='bbox 1084 3741 1148 3844; x_wconf 80' lang='lat' dir='ltr'>illis’</span> 
     </span>
     <span class='ocr_line' id='line_1_42' title="bbox 254 3862 1069 3950; baseline 0.001 -22"><span class='ocrx_word' id='word_1_286' title='bbox 254 3875 285 3928; x_wconf 88' lang='lat' dir='ltr'>et</span> <span class='ocrx_word' id='word_1_287' title='bbox 302 3875 440 3950; x_wconf 85' lang='lat' dir='ltr'>purgant</span> <span class='ocrx_word' id='word_1_288' title='bbox 441 3886 459 3929; x_wconf 93' lang='lat' dir='ltr'>e</span> <span class='ocrx_word' id='word_1_289' title='bbox 427 3864 566 3929; x_wconf 79' lang='lat' dir='ltr'>tnelas</span> <span class='ocrx_word' id='word_1_290' title='bbox 583 3863 716 3931; x_wconf 90' lang='lat' dir='ltr'>noviens</span> <span class='ocrx_word' id='word_1_291' title='bbox 733 3862 810 3928; x_wconf 92' lang='lat' dir='ltr'>mihi</span> <span class='ocrx_word' id='word_1_292' title='bbox 828 3863 966 3929; x_wconf 90' lang='lat' dir='ltr'>carmine</span> <span class='ocrx_word' id='word_1_293' title='bbox 984 3863 1069 3929; x_wconf 88' lang='lat' dir='ltr'>dicto</span> 
     </span>
     <span class='ocr_line' id='line_1_43' title="bbox 253 3947 1064 4035; baseline 0.001 -22"><span class='ocrx_word' id='word_1_294' title='bbox 253 3960 383 4033; x_wconf 88' lang='lat' dir='ltr'>pectora</span> <span class='ocrx_word' id='word_1_295' title='bbox 399 3947 583 4013; x_wconf 88' lang='lat' dir='ltr'>fluminibus</span> <span class='ocrx_word' id='word_1_296' title='bbox 602 3948 715 4015; x_wconf 89' lang='lat' dir='ltr'>iubeor</span> <span class='ocrx_word' id='word_1_297' title='bbox 732 3972 910 4035; x_wconf 89' lang='lat' dir='ltr'>supponere</span> <span class='ocrx_word' id='word_1_298' title='bbox 927 3960 1064 4015; x_wconf 89' lang='lat' dir='ltr'>centum.</span> 
     </span>
     <span class='ocr_line' id='line_1_44' title="bbox 254 4032 1027 4121; baseline 0.004 -25"><span class='ocrx_word' id='word_1_299' title='bbox 254 4055 313 4097; x_wconf 91' lang='lat' dir='ltr'>nec</span> <span class='ocrx_word' id='word_1_300' title='bbox 330 4055 432 4097; x_wconf 82' lang='lat' dir='ltr'>mora:</span> <span class='ocrx_word' id='word_1_301' title='bbox 451 4032 583 4099; x_wconf 89' lang='lat' dir='ltr'>diversis</span> <span class='ocrx_word' id='word_1_302' title='bbox 600 4035 680 4121; x_wconf 90' lang='lat' dir='ltr'>lapsi</span> <span class='ocrx_word' id='word_1_303' title='bbox 699 4035 739 4100; x_wconf 90' lang='lat' dir='ltr'>de</span> <span class='ocrx_word' id='word_1_304' title='bbox 757 4035 901 4119; x_wconf 90' lang='lat' dir='ltr'>partibus</span> <span class='ocrx_word' id='word_1_305' title='bbox 918 4057 1027 4101; x_wconf 89' lang='lat' dir='ltr'>amnes</span> 
     </span>
     <span class='ocr_line' id='line_1_45' title="bbox 255 4126 1117 4210; baseline 0.009 -32"><span class='ocrx_word' id='word_1_306' title='bbox 255 4126 383 4200; x_wconf 86' lang='lat' dir='ltr'>totaque</span> <span class='ocrx_word' id='word_1_307' title='bbox 400 4127 566 4183; x_wconf 86' lang='lat' dir='ltr'>vertuntur</span> <span class='ocrx_word' id='word_1_308' title='bbox 582 4141 679 4210; x_wconf 88' lang='lat' dir='ltr'>supra</span> <span class='ocrx_word' id='word_1_309' title='bbox 696 4132 793 4207; x_wconf 88' lang='lat' dir='ltr'>caput</span> <span class='ocrx_word' id='word_1_310' title='bbox 809 4143 948 4206; x_wconf 86' lang='lat' dir='ltr'>aequora</span> <span class='ocrx_word' id='word_1_311' title='bbox 964 4131 1117 4187; x_wconf 89' lang='lat' dir='ltr'>nostrum.</span> 
     </span>
    </p>
   </div>
   <div class='ocr_carea' id='block_1_4' title="bbox 0 6 1407 4500">
    <p class='ocr_par' dir='ltr' id='par_1_4' title="bbox 0 6 1407 4500">
     <span class='ocr_line' id='line_1_46' title="bbox 0 6 1407 4500; baseline 0 0"><span class='ocrx_word' id='word_1_312' title='bbox 0 6 1407 4500; x_wconf 95' lang='lat' dir='ltr'> </span> 
     </span>
    </p>
   </div>
  </div>
 </body>
</html>
