2800 4500
253 264 316 337 154
583 279 617 339 r.
636 278 762 342 ouon
778 276 941 340 nasonis
1026 319 1034 332 .

251 429 325 475 ecce
342 405 391 474 vir
407 406 614 473 Andraemon
631 406 818 493 genitorque
835 405 1030 473 miserrimus
1047 405 1163 471 adsunt

253 505 284 559 et
301 506 457 579 quaerunt
473 492 643 581 Dryopen:
660 492 817 578 Dryopen
834 491 1058 578 quaerentibus
1073 491 1136 557 illis

184 599 234 651 865
252 579 375 646 ostendi
392 580 489 645 loton.
533 578 640 664 tepido
657 578 735 643 dant
751 579 860 643 oscula
876 579 963 664 ligno
1023 602 1042 621 ¹·

251 664 420 748 adfusique
438 686 514 730 suae
531 663 690 729 radicibus
708 663 829 728 arboris
847 663 987 728 haerent

251 750 297 814 nil
313 749 375 815 nisi
390 749 455 815 iam
470 749 600 827 faciem,
618 749 705 833 quod
721 770 787 814 non
802 749 885 815 forst
902 750 1005 826 arbor,
1023 748 1160 813 habebat

252 858 326 901 cara
338 834 441 901 soror.
483 835 632 901 lacrimae
649 834 765 900 misero
782 834 823 901 de
840 855 972 921 corpore
989 833 1082 898 factis

252 921 391 986 inrorant
408 920 506 999 foliis3
526 931 559 986 et
579 920 656 985 dum
672 919 755 996 licet,
773 941 892 1005 oraque
908 931 1070 1006 praestant

184 1028 234 1078 eso
253 1007 338 1073 vocis
355 1007 425 1084 iter,
443 1007 522 1072 tales
540 1004 675 1072 effundit
686 1004 725 1070 in
742 1011 816 1071 adra
833 1017 978 1090 questus:

252 1092 304 1157 “si
321 1113 385 1177 qua
401 1091 481 1157 fides
498 1091 635 1170 miseris,
652 1090 713 1156 hoc
730 1114 782 1156 me
799 1113 857 1177 per
873 1091 1004 1156 numina
1020 1091 1091 1157 iuro

250 1200 315 1243 non
332 1177 484 1243 meruisse
501 1177 605 1243 nefas:
623 1177 726 1262 patior
743 1177 811 1245 sine
828 1176 958 1242 crimine
974 1199 1119 1262 poenam.

205 1308 208 1313 ·
252 1264 389 1330 viximus
405 1263 570 1329 innocuae.
615 1262 642 1327 si
658 1262 803 1338 mentior,
820 1262 910 1347 arida
926 1261 1057 1348 perdam

252 1371 332 1434 quas
348 1347 451 1415 habeo
468 1348 612 1424 frondes,
630 1359 662 1413 et
679 1369 771 1413 caesa
788 1348 952 1414 securibus
969 1370 1053 1413 urar.

184 1456 234 1505 875
251 1436 337 1500 hunc
354 1446 460 1500 tamen
476 1433 629 1499 infantem
647 1433 796 1499 maternis
814 1434 929 1499 demite
945 1433 1041 1498 ramis

253 1533 284 1587 et
302 1520 375 1586 date
392 1518 517 1595 nutrici,
529 1514 712 1603 [nostroque
730 1519 790 1584 sub
807 1519 920 1584 arbore
938 1541 1033 1605 saepe

251 1607 301 1673 lac
318 1604 446 1672 facitote
463 1601 576 1690 bibat]
583 1619 755 1689 nostraque
771 1604 835 1670 sub¹
850 1604 963 1670 arbore
979 1604 1078 1670 ludat.

252 1712 388 1776 cumque
404 1690 491 1775 loqui
507 1690 636 1778 poterit,
653 1701 786 1756 matrem
802 1690 931 1755 facitote
948 1691 1063 1756 salutet

252 1788 285 1843 et
301 1776 397 1843 tristis
416 1777 501 1841 dicat
518 1778 631 1841 “‘latet
646 1774 709 1842 hoc
725 1775 758 1840 in
776 1775 882 1862 stipite
898 1775 1041 1842 mater.’''

185 1884 236 1936 seo
253 1874 366 2013 stupea
382 1873 489 1928 tamen
505 1863 615 1928 timeat
629 1882 690 1927 nec
708 1872 817 1947 carpat
834 1861 876 1926 ab
893 1862 1005 1928 arbore
1021 1861 1114 1928 flores

252 1961 284 2015 et
315 1947 431 2014 rutices
448 1969 558 2014 omnes
576 1969 691 2034 eorpus
708 1957 800 2033 putet
816 1969 885 2014 esse
902 1946 1043 2014 dearum.

252 2056 325 2099 care
342 2033 413 2099 vale
430 2034 584 2112 coniunx,
602 2043 635 2099 et
650 2044 686 2099 tu
704 2055 870 2119 germana,
912 2031 1056 2117 aterquel

251 2119 321 2204 qui,
340 2119 367 2184 si
384 2140 454 2203 qua·
466 2132 512 2184 est
530 2119 645 2205 pietas,
664 2119 706 2183 ab
723 2133 835 2184 acutae
851 2057 982 2185 vulnere
998 2117 1100 2197 falcis,

250 2205 411 2293 'apecoris
433 2227 541 2271 morsu
559 2204 689 2271 frondes
708 2203 868 2272 defendite
885 2216 1018 2270 nostras.

185 2313 234 2363 sse
253 2302 284 2357 et
301 2291 450 2376 quoniam
468 2291 546 2356 mihi
562 2292 612 2357 fas
629 2290 671 2355 ad
688 2312 747 2357 vos
762 2291 946 2357 incumbere
963 2313 1028 2355 non
1045 2300 1104 2369 est,

252 2377 363 2463 erigite
380 2376 443 2442 huc
459 2393 547 2442 artus
565 2389 597 2443 et
613 2376 656 2441 ad
672 2377 781 2441 oscula
796 2387 905 2441 nostra
921 2376 1049 2453 venite,

252 2463 329 2528 dum
348 2462 436 2548 tangi
453 2474 596 2549 possunt,
612 2482 810 2548 parvumque
827 2462 958 2528 attollite
975 2473 1096 2527 natum.

251 2551 344 2635 plura
359 2548 451 2631 loqui
464 2568 602 2632 nequem
619 2570 694 2611 nam
710 2546 775 2612 iam
792 2570 850 2634 per
867 2547 1001 2613 candida
1018 2547 1120 2613 mollis

252 2635 334 2699 colla
349 2633 430 2698 liber
446 2632 557 2718 serpit,
575 2654 763 2716 summoque
781 2633 945 2699 cacumine
962 2632 1090 2698 condor.

184 2740 235 2790 seo
252 2742 292 2784 ex
310 2718 408 2784 oculis
425 2730 585 2784 removete
602 2741 730 2783 manus:
749 2718 817 2785 sine
834 2740 966 2784 munere
983 2729 1088 2784 vestro

251 2815 400 2890 contegat
416 2804 564 2870 inductus
582 2803 749 2869 morientia
764 2804 885 2870 lumina
902 2804 1040 2870 cortex.'’

252 2889 410 2956 desierant
427 2890 521 2955 simul
538 2911 594 2954 ora
610 2890 713 2973 loqui,
730 2890 823 2955 simul
842 2912 926 2956 esse:
943 2889 1062 2972 diuque

252 2997 382 3061 corpore
398 2986 519 3041 mutato
536 2974 617 3041 rami
635 2976 761 3042 caluere
777 2975 938 3042 recentes?

293 3062 447 3146 Dumque
463 3061 561 3127 refert
578 3060 646 3126 Iole
663 3060 783 3126 factum
801 3060 954 3138 mirabile,
973 3060 1114 3145 dumque
1174 3076 1277 3131 Iolaus.

183 3168 233 3217 895
251 3146 426 3233 Eurytidos
442 3146 588 3212 lacrimas
605 3146 733 3211 admoto
750 3147 863 3232 pollice
881 3145 979 3212 siccat

250 3234 406 3299 Alcmene
423 3230 492 3315 (flet
510 3243 542 3297 et
558 3232 628 3319 ipsa
645 3234 776 3318 tamen),
795 3232 989 3317 compescuit
1006 3253 1133 3296 ornnem

250 3342 301 3384 res
318 3340 402 3384 nova
419 3317 586 3383 tristitiam.
629 3341 706 3383 nam
723 3316 831 3382 limine
849 3317 989 3382 constitit
1005 3318 1069 3382 alto

250 3427 351 3491 paene
370 3425 449 3489 puer
466 3403 627 3487 dubiaque
644 3415 675 3469 te
700 3426 757 3468 ens
773 3402 923 3487 lanugine
941 3403 1052 3481 malas,

251 3513 307 3554 ora
323 3490 511 3555 reformatus
529 3489 648 3575 primos
684 3488 773 3553 olaus
791 3491 824 3552 in
842 3509 952 3553 annos.

182 3595 233 3645 too
250 3574 311 3640 hoc
327 3574 371 3639 illi
390 3574 520 3639 dederat
536 3574 672 3639 Iunonia
690 3573 829 3639 muneris
847 3573 951 3650 Hebe,

251 3659 335 3725 victa
351 3659 411 3725 viri
429 3659 586 3745 precibus.
630 3680 714 3743 quae
731 3680 805 3724 curn
821 3659 926 3724 iurare
943 3670 1078 3745 pararet,

251 3744 335 3810 dona
350 3744 539 3810 tributuram
556 3745 731 3830 posthunc
748 3767 783 3810 se
801 3745 876 3808 talia
892 3744 981 3822 nulli,

250 3829 626 3915 nonestpassaThemis.
654 3830 816 3895 ‘narniam
825 3829 1121 3896 discordiaThebae
1132 3826 1280 3914 sutona

252 3914 335 3980 bella
346 3914 489 3979 movent'
507 3913 598 3993 dixit,
616 3912 866 4001 ‘Capaneusque
880 3915 941 3979 nisi
954 3915 995 3980 ab
1003 3915 1082 3980 Iove
1095 3915 1180 3982 vinci
1194 3898 1254 3966 μ’·

184 4021 234 4070 405
252 3999 339 4063 haud
355 4000 485 4084 poterit3
502 3999 642 4083 fientque
658 4023 751 4087 pares
768 4001 802 4065 in
819 4002 951 4066 vulnere
968 4000 1081 4066 fratres
1086 4025 1097 4079 3

175 4147 176 4151 ,
250 4083 469 4167 subductaque
487 4106 561 4149 suos
578 4084 694 4152 Manes
712 4086 824 4154 tellure
841 4086 963 4153 videbit
