2800 4500
254 261 317 328 144
584 274 618 331 r.
637 274 763 333 ovrnn
779 272 942 331 nasone
1024 344 1025 347 Ν

251 399 321 464 visa
338 397 445 481 tamen
462 396 597 465 sensisse
614 396 747 464 famem!
765 408 913 480 retroque
930 396 1083 462 dracones

159 538 166 559 ,
253 484 319 571 egit
335 485 369 549 in
386 483 598 551 Haemoniam
615 483 715 549 versis
732 481 876 548 sublimis
893 481 1036 547 habenis.

184 591 234 641 805
294 568 392 635 Dicta
409 569 526 634 Fames
544 567 684 647 Cereris,
702 568 847 653 quamvis
865 567 1022 632 contraria
1036 587 1163 653 semper

251 655 335 720 illius
353 666 401 721 est
418 654 520 740 operi,
538 654 677 741 peragit,
695 674 817 741 perque
833 658 908 718 aera
924 662 1020 719 vento

252 740 293 805 ad
310 740 429 805 iussam
446 740 552 804 delata
568 740 699 804 domum
717 751 765 805 est
782 749 814 805 et
830 738 974 824 protinus
990 738 1087 802 intrat

253 825 398 912 sacrilegi
416 824 586 900 thalamos,
604 825 732 909 altoque
750 846 863 910 sopore
881 824 1018 888 solutum
1034 858 1079 870 -

161 937 169 985 t
251 911 352 976 noctis
370 921 439 975 erat
455 921 581 1011 tempus
598 946 641 958 -
657 908 793 996 geminis
810 908 1011 995 amplectitur
1026 907 1125 973 ulnise

184 1019 235 1067 810
252 1017 349 1078 seque
367 996 435 1060 viro
452 995 585 1082 inspirat
601 995 774 1079 faucesque
792 1005 823 1060 et
840 1005 951 1081 pectus
969 1005 1000 1059 et
1017 1014 1074 1058 ora

251 1081 350 1147 adflat
367 1081 448 1147 etin
466 1080 575 1146 vacuis
592 1081 714 1167 spargit
730 1079 849 1145 ieiunia
864 1079 965 1145 venis.

198 1226 200 1229 ,
252 1167 425 1250 functaque
442 1165 593 1232 mandato
610 1166 784 1232 fecundum
802 1165 918 1231 deserit
934 1165 1043 1230 orbem

200 1285 202 1288 ·
251 1253 349 1336 inque
366 1253 476 1317 domos
492 1252 619 1339 inopes,
637 1262 765 1317 assueta
780 1251 948 1317 revertitur
965 1262 1065 1315 antra.

162 1387 165 1395 .
251 1338 331 1407 leuis
349 1337 454 1402 adhuc
471 1359 601 1402 somnus
617 1336 751 1424 placidis
767 1335 1002 1422 Erysichthona
1018 1334 1130 1422 pennis

184 1443 234 1495 815
251 1423 421 1490 mulcebat.
464 1422 545 1510 petit
560 1422 613 1488 ille
631 1424 730 1508 dapes
746 1422 807 1487 sub
824 1421 964 1508 imagine
981 1421 1084 1486 somni

252 1530 371 1593 oraque
388 1531 471 1574 vana
487 1520 595 1574 movet
611 1507 802 1591 dentemque
818 1506 853 1572 in
869 1507 963 1572 (lente
979 1507 1104 1593 fatigat,

252 1605 442 1678 exercetque
459 1593 531 1658 cibo
548 1594 693 1659 delusum
712 1604 824 1678 guttur
838 1592 926 1657 inani

252 1701 373 1766 proque
390 1679 491 1766 epulis
508 1690 620 1745 tenues
637 1678 831 1763 nequiquam
849 1678 980 1744 devorat
996 1701 1100 1743 auras.

166 1824 170 1833 ,
252 1777 289 1830 ut
304 1787 381 1830 vero
398 1765 596 1851 est'expulsa
612 1765 718 1849 quies,
735 1763 813 1830 furit
828 1765 923 1828 ardor
940 1763 1054 1829 edendi

185 1871 236 1923 880
252 1872 372 1937 perque
389 1850 499 1916 avidas
516 1849 625 1916 fauces
642 1849 860 1934 immensaque
877 1849 1000 1914 viscera
1016 1872 1051 1915 re
1096 1859 1139 1914 at.

252 1958 312 2003 nec
328 1958 432 2001 mora:
450 1935 537 2020 quod
553 1948 685 2037 pontus,
702 1935 790 2020 quod
807 1947 906 2013 terra,
923 1934 1009 2019 quod
1026 1958 1045 2001 c
1068 1946 1142 2000 ucat
1157 1939 1220 2013 air,
1251 1986 1253 1990 .

252 2022 368 2125 poscit3
385 2034 418 2087 et
435 2021 585 2108 appositrs
603 2022 747 2106 queritur
762 2021 880 2087 ieiunia
896 2020 1024 2097 mensis,
1086 2053 1088 2057 ·
1252 2043 1255 2049 ·

251 2128 349 2191 mque
366 2108 468 2194 epulis
486 2108 597 2194 epulas
615 2106 748 2191 quaerit.
791 2106 941 2191 quodque
957 2106 1091 2171 urbibus
1109 2128 1179 2173 esso
1255 2120 1257 2123 ’

166 2251 170 2261 .
208 2246 212 2254 .
253 2193 402 2279 quodque
419 2193 495 2259 satis
514 2204 638 2280 poterat
654 2194 782 2280 populo,
801 2214 866 2258 non
883 2191 1000 2258 sufficit
1017 2191 1087 2270 uni;

184 2300 235 2351 885
253 2281 388 2366 plusque
405 2280 507 2365 cupit,
525 2300 589 2363 quo
606 2280 699 2365 plura
716 2301 807 2344 suam
824 2278 961 2344 demittit
976 2277 1010 2343 in
1028 2279 1146 2343 alvum.
1205 2316 1207 2319 ⁴

252 2378 351 2450 utque
369 2364 486 2431 fretum
502 2364 614 2450 recipit
630 2364 670 2432 de
688 2375 756 2429 tota
772 2363 903 2428 flumina
919 2374 1003 2429 terra

252 2472 312 2516 nec
329 2450 461 2515 satiatur
478 2450 584 2533 aquis,
601 2449 847 2535 peregrinosque
865 2449 964 2516 ebibit
980 2472 1103 2516 amnes:

252 2546 351 2620 utque
368 2558 468 2622 rapax
484 2535 567 2620 ignis
584 2556 649 2599 non
665 2556 807 2619 unquam
825 2535 975 2600 alimenta
991 2549 1116 2600 recusat

170 2675 174 2690 ,
251 2622 495 2703 innumerasque
512 2620 617 2686 trabes
635 2631 768 2697 cremat,
786 2630 818 2686 et
834 2640 899 2704 quo
916 2620 1008 2706 copia
1024 2621 1127 2686 maior

183 2727 235 2779 880
251 2718 299 2772 est
316 2706 404 2782 data,
421 2707 513 2792 plura
529 2705 622 2792 petit,
639 2705 795 2790 turbaque
812 2705 955 2771 voracior
970 2706 1041 2793 ipsa
1057 2719 1121 2772 este

252 2792 298 2858 sic
314 2792 424 2878 epulas
442 2812 551 2858 omnes
568 2790 809 2877 Erysichthonis
826 2812 883 2856 ora
899 2790 1024 2878 profani

250 2877 424 2964 accipiunt,
441 2887 639 2963 poscuntque
656 2876 759 2942 simul.
802 2877 893 2943 cibus
909 2876 1011 2943 omnis
1026 2876 1060 2942 in
1078 2878 1132 2943 illo

251 2986 349 3030 causa
365 2962 428 3029 cibi
445 2973 507 3040 est,
524 2985 712 3049 semperque
727 2963 817 3029 locus
833 2963 870 3028 fit
884 2962 987 3028 inanis
1004 2963 1136 3029 edendo.

171 3103 173 3110 ,
250 3051 378 3134 iamque
395 3048 480 3114 same
497 3048 615 3135 patrias
632 3050 760 3133 altaque
776 3048 928 3135 voragine
945 3048 1064 3115 ventris
1180 3099 1183 3105 .

183 3156 234 3206 885
252 3145 431 3201 attenuarat
448 3156 538 3221 opes:
557 3134 614 3200 sed
629 3133 828 3200 inattenuata
844 3134 993 3200 manebat
1027 3151 1029 3154 ·

251 3233 320 3286 tum
337 3241 465 3305 quoque
482 3220 551 3285 dira
568 3221 683 3297 fames,
700 3220 952 3306 implacataeque
967 3220 1098 3307 vigebat

251 3307 380 3371 flamma
396 3307 502 3391 gulae.
545 3305 674 3371 tandem
691 3305 828 3370 demisso
845 3305 878 3369 in
896 3306 1017 3372 viscera
1035 3328 1132 3372 censu

250 3392 316 3457 filia
332 3392 487 3469 restabat,
503 3412 569 3457 non
585 3391 640 3455 illc
657 3390 756 3477 digna
771 3402 911 3477 parente.

214 3533 216 3538 ,
250 3476 695 3579 hanqquoquevenditinops.
717 3475 880 3541 dominum
888 3488 1186 3562 generosarecusat,
1211 3477 1271 3531 Mo·
1392 3473 1394 3538 ss

183 3583 234 3633 845
252 3575 284 3628 et
299 3564 404 3628 vrcina
421 3585 495 3628 suas
512 3561 645 3629 tendens
662 3583 758 3647 super
774 3583 914 3646 aequora
930 3564 1052 3648 palmas
1207 3555 1275 3603 '‘r‘'-

252 3648 364 3749 “eripe
380 3670 433 3713 me
450 3648 593 3726 domino,
611 3647 667 3731 qui
683 3658 793 3733 raptae
832 3648 951 3715 raemia
968 3649 1059 3714 nobis

250 3732 439 3819 virgmitatis
455 3732 579 3799 habes’'
598 3732 652 3798 ait.
695 3732 775 3798 haec
825 3744 962 3819 eptunus
978 3733 1127 3800 habehat.

251 3818 307 3901 qui
323 3839 417 3904 prece
433 3840 498 3883 non
515 3829 630 3905 spreta,
647 3816 793 3902 quamvis
809 3818 874 3884 iam
890 3820 960 3884 visa
976 3820 1120 3904 sequenti
1167 3862 1169 3868 .

195 3944 199 3954 ι
250 3916 334 3968 esset
351 3924 420 3980 ero,
437 3903 635 3987 formamque
652 3914 750 3968 novat
767 3905 953 3989 vultumque
971 3905 1094 3971 virilem

183 4008 232 4058 845
250 3986 353 4051 induit
369 3999 402 4052 ct
418 3987 521 4052 cultus
539 3989 641 4073 pisces
659 3989 856 4075 capientibus
874 4000 974 4076 aptos.

250 4071 333 4140 hauc
349 4070 494 4138 domiuus
513 4085 660 4158 spectans
678 4081 724 4154 ‘fo
740 4075 796 4160 qui
813 4075 982 4163 pendentia
998 4099 1098 4164 parvo
1156 4137 1159 4144 .
1253 4136 1263 4148 .
