2800 4500
289 268 657 331 METAMORPHOSEON
673 267 747 328 LIB.
766 267 845 330 VIII.
864 269 992 329 98-185,
1087 254 1150 323 129

128 421 185 486 per
201 397 283 464 freta
299 398 396 485 longa
413 395 539 463 trahar?
582 395 636 462 vix
654 395 790 461 dixeratz
808 395 904 461 insilit
921 393 1015 461 undis

129 484 395 569 consequiturque
411 494 510 560 rates,
527 482 663 548 faciente
680 482 828 565 cupidine
845 482 937 558 vires,

130 568 373 654 Gnosiacaeque
389 569 499 634 haeret
516 590 621 633 eomes
638 566 795 631 invidiosa
812 567 946 632 carinae.

130 677 227 739 quam
285 667 333 720 te'r
348 667 386 719 ut
401 654 481 719 vidit
497 690 541 701 -
556 653 712 717 narniam
730 651 890 737 pendebat
905 653 940 716 in
957 673 1044 730 aura,
1170 675 1219 725 145

130 752 163 805 et
178 762 231 806 mo
254 740 394 805 ofaetus
412 750 479 805 erat
496 737 592 803 firlvis
610 738 783 803 haliaeetus
801 736 860 802 alis
876 773 921 786 -

129 826 210 904 ibat,
228 837 264 891 ut
280 826 462 891 haerentem
478 835 579 889 rostro
596 823 749 889 laceraret
766 823 899 888 adunco.

129 911 185 975 illa
201 922 288 976 metu
305 910 438 996 puppim
456 909 586 986 dimisit,
604 921 636 974 et
654 931 733 973 aura
749 908 914 975 cadentem

131 997 315 1060 sustinuisse
333 995 425 1072 levis,
443 1017 484 1059 ne
501 1005 646 1080 tangeret
663 1016 815 1079 aequora,
833 994 902 1059 visa
919 1003 976 1060 est.

130 1080 240 1163 pluma
256 1080 331 1145 fuit:
347 1080 464 1166 plumis
481 1080 514 1144 in
531 1101 624 1145 avem
640 1090 762 1144 mutata
779 1091 911 1145 vocatur
1170 1101 1220 1151 150

129 1162 232 1238 ‘ciria’
243 1175 303 1228 eta
320 1176 411 1229 tonso
429 1176 477 1230 est
494 1164 555 1230 hoe
571 1187 687 1230 nomen
705 1165 820 1251 adepta
837 1164 961 1251 capillo.
1203 1176 1207 1181 “

173 1250 260 1316 Vota
276 1250 346 1314 Iovi
364 1251 472 1314 Minos
488 1262 651 1315 taurorum
668 1272 800 1336 corpora
818 1262 945 1316 centum
1073 1265 1219 1322 Daedalus.

131 1335 238 1412 solvit,
256 1346 291 1400 ut
309 1357 455 1421 egressus
472 1335 592 1401 ratibus
611 1333 765 1403 Curetida
781 1347 898 1401 terram

131 1420 278 1506 contigit,
296 1432 326 1486 et
344 1420 452 1506 spoliis
470 1421 618 1486 decorata
636 1433 684 1488 est
700 1422 790 1507 regia
805 1421 887 1486 fixis.

130 1517 272 1571 creverat
289 1505 493 1591 opprobrium
509 1506 650 1592 generis,
667 1507 860 1590 foedumque
876 1506 1015 1608 patebat¹
1170 1528 1220 1577 155

129 1591 237 1655 matris
255 1591 445 1656 adulterium
461 1591 594 1658 monstri
609 1592 750 1658 novitate
767 1592 921 1657 biformis.

130 1676 268 1741 destinat
284 1676 370 1741 huuc
386 1676 495 1742 Minos
504 1676 651 1742 thalamis
658 1699 822 1743 removere
839 1677 994 1763 pudorem

129 1760 359 1847 multiplicique
377 1762 471 1827 domo
488 1761 654 1846 caecisque
671 1763 834 1829 includere
850 1763 951 1828 tectis.

129 1845 437 1932 Daedalusingenio
455 1845 565 1914 fabrae
582 1848 806 1914 celeberrimus
824 1848 900 1914 artis

129 1932 219 2017 pouit
236 1953 316 2016 opus
334 1932 502 2016 turbatque
518 1942 610 1998 notas
628 1934 791 2000 etlumina
802 1933 921 1999 flexum

130 2015 217 2082 dueit
234 2016 267 2080 iu
284 2038 422 2081 errorem
438 2016 598 2081 variarum
614 2017 752 2104 ambage
768 2017 901 2083 viarum.

130 2122 195 2166 non
212 2123 304 2166 secus
322 2123 360 2166 ae
376 2100 515 2184 liquidus
531 2100 684 2202 Phrygiis
701 2103 898 2168 Maeandrus
915 2102 949 2168 in
966 2102 1050 2169 arvis

129 2186 211 2252 ludit
227 2197 259 2252 et
276 2185 426 2272 ambiguo
442 2186 534 2272 lapsu
551 2188 717 2273 reflurtque
733 2188 876 2272 fluitque,

129 2292 361 2355 occurrensque
378 2272 439 2336 sibi
456 2285 606 2338 venturas
623 2273 736 2360 aspicit
753 2275 856 2340 undas
1010 2344 1013 2352 ,

129 2369 162 2423 et
178 2380 264 2423 nune
281 2356 323 2421 ad
339 2357 457 2435 fontes,
474 2380 559 2423 nune
577 2359 618 2424 ad
633 2381 722 2425 mare
739 2382 850 2426 versus
867 2371 1010 2447 apertum
1171 2382 1219 2433 165

128 2443 264 2509 incertas
281 2455 406 2509 exercet
422 2464 536 2528 aquas:
553 2443 599 2509 ita
615 2444 781 2511 Daedalus
797 2445 910 2532 implet

127 2527 309 2594 innumeras
327 2549 431 2595 errore
448 2528 526 2594 vias.
569 2529 687 2614 vixque
704 2531 773 2617 ipse
789 2532 905 2597 reverti

128 2613 170 2678 ad
186 2614 283 2679 limen
300 2614 417 2699 potuit:
435 2624 524 2679 tanta
540 2625 588 2681 est
604 2615 732 2681 sabaeis
748 2616 832 2683 tecti.

129 2719 192 2781 quo
209 2710 377 2783 postquam
394 2701 554 2785 geminam
571 2699 655 2765 tauri
670 2701 858 2787 iuvenisque
874 2702 1011 2789 figuram

129 2783 254 2859 clausit,
272 2795 304 2849 et
320 2785 444 2850 Actaeo
462 2784 511 2850 bis
528 2797 655 2887 pastum
672 2787 827 2874 sanguine
843 2799 1019 2853 monstrum
1170 2809 1221 2860 1⁷0

129 2868 221 2933 tertia
237 2890 305 2934 sors
323 2869 414 2935 annis
431 2870 553 2936 domurt
569 2871 704 2957 repetita
719 2873 867 2938 novenis:

128 2963 227 3036 utque
243 2974 304 3055 ope
321 2954 465 3042 virginea
481 2954 575 3021 nullis
592 2955 705 3022 iterata
721 2957 862 3043 priorum

127 3038 223 3103 ianua
241 3039 376 3105 difficilis
392 3040 447 3106 filo
463 3054 512 3108 est
527 3041 658 3107 inventa
674 3043 806 3108 relecto:

127 3124 270 3209 protinus
289 3124 431 3211 Aegides
447 3138 538 3213 rapta
554 3127 699 3194 Minoide
715 3128 814 3193 Diam
1076 3144 1219 3215 (Ariadne.)

128 3208 200 3274 vela
217 3209 318 3286 dedit,
335 3211 545 3297 comitemque
562 3235 653 3277 suam
670 3213 806 3279 crudelis
823 3212 856 3278 in
873 3213 928 3278 illo
1169 3235 1218 3284 175

126 3293 217 3360 litore
235 3294 386 3361 destituit.
429 3297 572 3364 desertae
590 3307 622 3364 et
638 3299 739 3363 multa
755 3299 899 3384 querenti

127 3380 293 3464 amplexus
310 3392 342 3446 et
359 3402 452 3467 opem
470 3382 570 3448 Liber
587 3383 673 3461 tulit3
690 3396 789 3467 utque
806 3384 942 3470 perenni

127 3464 333 3530 sidereelara
348 3465 446 3544 foret,
463 3478 623 3555 sumptam
641 3469 681 3534 de
698 3470 802 3536 fronte
819 3492 968 3535 eoronam

127 3548 256 3615 immisit
274 3550 372 3616 eaelo.
415 3564 526 3618 tenues
544 3553 702 3619 volatilla
718 3578 776 3640 per
793 3578 901 3633 auras3

128 3633 268 3718 dumque
285 3635 386 3714 volat,
404 3659 549 3722 gemmae
566 3639 683 3724 nitidos
700 3651 867 3706 vertuntur
882 3641 916 3705 in
932 3639 1024 3726 Ignes
1170 3662 1219 3713 180

127 3719 365 3806 consistuntque
381 3722 467 3799 loco,
484 3723 589 3809 speeie
605 3737 788 3792 remanente
805 3747 951 3802 coronae,

127 3803 184 3888 qui
201 3805 323 3870 medius
339 3806 478 3890 Nixique
518 3830 581 3873 enu
597 3821 645 3874 est
662 3811 879 3896 Anguemque
895 3810 1041 3877 tenentis.

168 3888 334 3989 llaedalus
349 3892 470 3959 interea
488 3831 606 3960 drocen
622 3894 816 3981 longumque
833 3918 965 3982 pemeus
1116 3911 1218 3966 latas.

126 3975 256 4040 exrlrum
274 3987 439 4062 tactusque
455 3978 517 4042 loci
534 3979 646 4044 natalis
664 4003 781 4056 amore,

126 4061 254 4127 clausus
272 4071 339 4207 erlqt
354 4063 480 4152 pelago.
524 4070 639 4132 ‘terras
654 4066 742 4133 licet’
760 4066 863 4152 inquit
880 4073 927 4133 ‘et
945 4066 1076 4137 undas,
1138 4084 1218 4135 1185

177 4159 292 4210 msam
963 4166 981 4223 9
