2800 4500
292 255 660 316 METAMORPHOSEON
676 257 750 314 LlB.
768 258 805 315 X.
823 258 967 316 sel-618.
1079 243 1141 311 177

119 379 244 446 sederat
260 381 480 468 Hippomenes
499 403 609 447 cursus
628 391 786 467 spectator
802 381 902 466 iniqui
1159 400 1210 451 5⁷5

119 478 151 531 et
167 467 321 554 “‘petitur
337 468 487 553 cuiquam
503 491 561 554 per
577 478 666 532 tanta
682 467 824 553 pericula
840 466 1031 533 ooniunx?'”

119 552 243 618 dixerat
259 575 297 620 ac
314 553 427 619 nimios
445 554 596 619 iuvenum
614 552 780 619 damnarat
797 574 930 619 amores.

118 649 155 703 ut
171 638 287 704 faciem
304 649 334 704 et
352 640 455 724 posito
472 660 586 724 corpus
604 639 760 704 velamine
776 638 866 716 vidit,

119 724 212 806 quale
229 745 351 800 meum,
369 724 420 790 vel
437 725 531 809 quale
548 736 654 800 tuum,
672 724 700 788 si
717 724 836 790 femina
853 723 921 801 fias,

119 808 285 895 obstipuit,
302 809 479 893 tollensque
497 831 609 874 manus
628 808 858 895 “‘ignoscite,”’
876 809 956 873 dixit

98 966 102 973 ,
119 899 236 978 “‘quos
253 894 348 958 modo
366 894 507 980 culpavi:
526 894 667 959 nondum
684 894 764 959 mihi
780 895 922 980 praemia
937 905 1024 971 nota

119 999 201 1062 quas
218 979 381 1065 peteretis,
399 979 529 1045 erant.’''
571 979 732 1045 laudando
750 980 887 1066 concipit
903 980 995 1067 ignea

119 1074 165 1141 et,
182 1087 223 1130 ne
241 1065 312 1148 quis
329 1064 481 1131 iuvenum
499 1076 605 1130 currat
622 1065 776 1143 velocius,
795 1076 884 1152 optat

118 1148 300 1234 invidiaque
317 1149 416 1216 timet.
451 1156 483 1187 ‘⁶‘
488 1151 544 1216 sed
562 1172 619 1216 cur
634 1151 817 1216 certaminis
832 1150 926 1217 huius

118 1234 307 1321 intemptata
322 1236 402 1300 mihi
418 1236 546 1301 fortuna
563 1236 642 1302 telin
664 1236 803 1301 uitur?’''
821 1236 938 1320 inquit:

120 1320 309 1386 “‘audentes
329 1321 407 1386 deus
423 1321 491 1407 ipse
508 1321 637 1387 iuvat.'’'
682 1322 759 1386 dum
776 1321 853 1386 talia
870 1344 978 1387 secum

120 1406 220 1492 exigit
235 1407 469 1492 Hippomenes,
487 1429 584 1493 passu
602 1407 688 1473 volat
704 1407 779 1472 alite
796 1407 896 1494 virge.

120 1512 202 1575 quas
219 1512 414 1576 quamquam
432 1490 583 1578 Scythica
600 1514 665 1569 non
687 1493 785 1558 setius
802 1492 849 1559 ire
867 1492 983 1581 sagitta

120 1575 227 1640 Aonio
244 1576 314 1642 visa
331 1590 380 1643 est
395 1577 513 1655 iuveni,
531 1589 638 1643 tamen
654 1578 708 1644 ille
726 1577 872 1645 decorem

120 1662 253 1727 miratur
268 1663 386 1748 magis:
405 1674 437 1728 et
453 1685 565 1729 cursus
582 1663 658 1729 facit
676 1663 688 1728 i
711 1686 746 1730 se
764 1663 920 1730 decorem.

120 1770 198 1812 aura
215 1746 312 1813 refert
329 1748 435 1814 ablata
453 1748 522 1814 citis
539 1749 651 1813 talaria
688 1686 796 1826 lentis,

120 1842 273 1935 tergaque
290 1832 447 1918 iactantur
464 1834 565 1899 crinea
582 1855 640 1918 per
657 1771 811 1909 eburnea,
828 1854 974 1918 quaeque
1072 1910 1074 1917 s

120 1918 292 2019 poplitrbus
309 1919 462 1984 suberant
478 1918 562 2004 picto
579 1918 729 2001 genualia
745 1918 858 1984 limbo:

119 2024 217 2086 mque
234 2002 367 2089 puellari
385 2024 498 2088 corpus
516 2002 652 2068 candore
669 2002 819 2068 ruborem

120 2099 268 2165 traxerat,
285 2087 372 2152 haud
388 2087 488 2165 aliter,
506 2108 603 2171 quam
620 2109 695 2152 cum
711 2110 806 2173 super
823 2086 903 2152 atria
920 2088 1027 2154 velum
1162 2108 1212 2158 595

120 2172 257 2238 candida
273 2194 467 2259 purpureum
485 2172 648 2237 simulatas
664 2172 764 2238 inficit
779 2173 920 2238 umbras.

100 2273 102 2276 ’
122 2259 200 2324 dum
216 2267 305 2323 notat
321 2258 400 2323 haec
417 2257 547 2343 hospes,
563 2258 698 2324 decursa
714 2259 886 2324 novissima
902 2270 987 2325 meta
1004 2270 1063 2337 est,

122 2356 154 2409 et
170 2344 290 2430 tegitur
305 2343 388 2409 festa
404 2343 518 2408 victrix
535 2344 688 2410 Atalanta
706 2366 832 2410 corona.

123 2430 200 2495 dant
216 2429 369 2515 gemitum
387 2427 462 2494 vieti
480 2429 686 2514 penduntque
704 2454 745 2496 ex
762 2430 890 2496 foedere
907 2452 1049 2517 poenas!

121 2537 186 2580 non
203 2527 310 2581 tamen
328 2524 444 2580 eventu
460 2514 584 2581 iuvenis
602 2515 769 2582 deterritus
786 2516 901 2581 horum

122 2599 262 2666 constitit
278 2600 312 2665 in
328 2599 448 2678 medio,
466 2601 619 2685 vultuque
636 2601 671 2666 in
687 2602 809 2688 virgine
826 2602 891 2667 fixo

121 2693 153 2724 ‘⁴‘
158 2686 235 2771 quid
251 2686 378 2752 facilem
395 2685 523 2752 titulum
540 2687 719 2773 superando
736 2688 862 2771 quaeris
879 2687 1016 2754 inertes?

121 2793 248 2838 meeum
266 2770 424 2837 conferl’'’
442 2771 497 2836 ait.
541 2777 635 2837 “‘seu
651 2795 703 2837 me
719 2772 864 2838 Fortuna
880 2784 1042 2859 potentem

123 2856 247 2933 fecerit,
265 2879 285 2921 a
302 2867 390 2921 tanto
407 2878 473 2921 non
489 2856 697 2943 indignabere
713 2857 807 2923 vinci.

123 2964 196 3006 nam
219 2963 261 3006 ue
278 2941 356 3006 mihi
372 2942 498 3027 genitor
514 2942 687 3027 Megareus
706 2939 913 3008 Onchestius:
931 2942 977 3008 illi

124 3036 173 3092 est
222 3036 358 3112 eptunus
376 3050 469 3093 avus:
487 3049 645 3114 pronepos
662 3049 723 3113 ego
741 3027 825 3115 regis
842 3049 1007 3112 aquarum.

123 3132 183 3176 nec
200 3110 299 3175 virtus
318 3112 396 3177 citra
412 3136 514 3198 genus
531 3123 589 3178 est.
633 3134 690 3178 seu
707 3113 825 3188 vincar,
842 3112 975 3178 habebis

51 3250 55 3259 .
123 3196 326 3297 Hippomene
343 3197 426 3262 victo
443 3220 496 3262 ma
540 3220 596 3262 um
613 3208 645 3263 et
661 3198 865 3264 memorabile
882 3197 1038 3263 nomen.’”

124 3282 200 3346 taba
217 3280 372 3360 dicentem
390 3283 477 3347 molli
494 3220 672 3350 §dhaenei‘a
688 3284 779 3348 vultu

10 3375 13 3381 ’
124 3365 237 3453 aspicit
252 3378 285 3431 et
302 3365 440 3445 dubitat,
458 3369 598 3454 superari
615 3392 657 3435 an
674 3369 801 3435 vincere
817 3369 915 3435 malit.
1163 3390 1213 3441 610

124 3462 220 3536 atque
236 3450 281 3516 ita
297 3452 403 3535 “‘quis
421 3452 499 3519 deus
517 3454 602 3520 hunc
618 3455 800 3540 formosis’''
817 3455 919 3539 inquit
937 3453 1101 3539 “‘iniquus

124 3536 256 3623 perdere
272 3537 356 3615 vult,
373 3558 528 3621 caraeque
544 3540 633 3606 iubet
650 3540 831 3606 discrimine
847 3541 933 3605 vitae

125 3622 308 3708 coniugium
325 3633 433 3709 petere
451 3622 530 3688 hoe?
546 3647 611 3690 non
628 3648 715 3704 sum,
731 3649 783 3692 me
799 3625 918 3704 iudice,
936 3624 1027 3691 tanti.

123 3730 184 3773 nec
200 3707 303 3772 forma
320 3719 435 3794 tangor
451 3706 608 3794 (poteram
625 3722 733 3776 tamen
749 3711 810 3777 hac
826 3733 953 3796 quoque
970 3710 1084 3797 tangi),

125 3793 182 3858 sed
198 3793 284 3877 quod
301 3793 407 3859 adhuc
423 3815 503 3879 puer
519 3805 576 3860 est.
602 3818 667 3862 non
683 3819 735 3862 me
752 3807 859 3861 movet
874 3796 953 3898 ipse,
971 3795 1029 3862 sed
1046 3807 1143 3862 aetas.
1162 3815 1211 3865 515

124 3876 201 3961 quid
218 3878 303 3962 quod
319 3879 403 3945 inest
419 3878 519 3944 virtus
536 3891 568 3945 et
583 3903 673 3947 mens
689 3880 833 3947 interrita
848 3881 923 3947 lea?

124 3962 201 4046 quid
218 3963 304 4045 quod
321 3965 362 4029 ab
380 3985 538 4048 aequorea
553 3978 738 4032 numeratur
754 3966 875 4053 origine
892 3967 1042 4051 quartus?

122 4046 407 4195 quidmpupduamat
423 4048 565 4136 tantique
581 4063 673 4138 putat
690 4052 827 4118 conubia
843 4064 961 4131 nostra,

204 4149 209 4160 '
226 4149 240 4192 ‘¹'
317 4178 324 4191 ·
941 4152 975 4210 12
