2800 4500
306 219 674 277 METAMORPHOSEON
690 219 763 275 LIB.
782 220 832 277 IV.
851 220 995 277 ata-359.

141 364 213 411 cum
231 367 367 431 puerum
383 344 463 409 vidit
479 344 646 426 visumque
663 343 785 428 optavit
803 343 930 409 habere.

140 453 200 496 nec
216 440 323 496 tamen
341 440 414 495 ante
432 429 524 506 adiit,
542 429 602 494 etsi
618 429 809 514 properabat
826 429 923 504 adire,

140 538 237 600 quam
254 539 289 581 se
307 515 499 601 composuit,
516 536 614 597 quam
631 515 855 600 circumspexit
871 514 1006 580 amictus

140 612 172 666 et
189 602 279 666 finxit
296 602 419 666 vultum
437 613 469 666 et
486 601 600 666 meruit
617 599 758 665 formosa
774 600 886 665 videri.

140 699 216 752 tunc
233 687 279 752 sic
296 686 374 752 orsa
384 686 473 770 loqui
489 692 595 772 “puer
611 706 632 750 o
649 685 833 771 dignissime
852 685 938 750 credi
1181 704 1232 754 sto

141 795 210 838 esse
229 773 321 838 deus:
340 794 397 838 seu
414 782 449 837 tu
466 771 546 838 deus
563 793 611 846 es,
628 781 718 856 potes
737 793 806 836 esse
824 768 966 856 Cupid03

141 859 208 922 sive
226 880 259 923 es
276 856 432 933 mortalis,
450 857 506 940 qui
523 868 555 922 te
571 878 727 942 genuere,
744 857 840 934 beati,

141 954 173 1008 et
189 943 287 1008 frater
303 943 394 1020 felix,
412 954 445 1010 et
460 941 622 1008 fortunata
637 941 781 1027 profecto

141 1029 249 1112 siqua
266 1028 324 1093 tibi
341 1050 429 1094 soror
446 1038 494 1092 est
511 1038 557 1105 et,
575 1049 659 1112 quac
676 1027 763 1093 dedit
780 1027 893 1105 ubera,
911 1027 1028 1092 nutrix.
1143 1058 1145 1062 ·

141 1115 198 1180 sed
215 1114 309 1199 longe
327 1113 449 1181 cunctis
465 1114 624 1199 longeque
642 1113 764 1180 beatior
780 1112 845 1189 illa,

142 1199 170 1264 si
186 1222 250 1283 qua
267 1199 326 1264 tibi
342 1221 460 1285 sponsa
477 1212 539 1275 est,
558 1198 585 1262 si
602 1220 699 1282 quam
717 1198 749 1263 di
794 1198 889 1264 abere
907 1199 1010 1263 taeda.

140 1285 221 1350 haec
237 1284 295 1350 tibi
312 1284 379 1350 sive
397 1284 503 1368 aliqua
520 1295 582 1360 est,
600 1306 673 1349 mea
688 1283 730 1348 sit
783 1285 864 1349 rtiva
881 1285 1041 1370 voluptas:

142 1393 198 1435 seu
215 1370 303 1435 nulla
320 1383 378 1446 est,
397 1391 458 1456 ego
476 1370 545 1446 sim,
562 1369 801 1453 thalamumque
818 1369 962 1435 ineamus
979 1367 1146 1435 eundem.''

140 1455 220 1521 Nais
237 1457 279 1520 ab
297 1455 346 1521 his
363 1455 471 1520 tacuit.
514 1454 606 1540 pueri
623 1454 721 1520 rubor
737 1477 793 1520 ora
809 1455 930 1520 notavit

141 1539 256 1624 (nescit
272 1541 372 1617 enim,
389 1540 467 1626 quid
484 1541 602 1624 amor):
620 1541 678 1606 sed
695 1550 728 1607 et
744 1540 908 1607 erubuisse
926 1540 1068 1606 decebat
1182 1558 1232 1607 330

140 1626 194 1691 hic
211 1627 298 1692 color
314 1627 421 1728 aprica
437 1626 648 1712 pendentibus
665 1626 777 1692 arbore
794 1627 897 1713 pomis

142 1723 198 1777 aut
214 1711 302 1778 ebori
318 1723 416 1781 tmcto
434 1722 495 1788 est,
513 1723 569 1777 aut
586 1712 651 1777 sub
664 1712 801 1777 candore
818 1711 954 1789 rubenti,

143 1819 216 1862 cum
232 1797 349 1862 frustra
365 1808 515 1863 resonant
531 1820 607 1862 aera
624 1797 798 1874 auxiliaria,
815 1798 921 1862 lunae.

141 1883 285 1968 poscenti
301 1882 461 1968 nymphae
479 1883 547 1947 sine
564 1883 627 1947 line
645 1883 764 1948 sororia
781 1884 894 1948 saltem

142 1969 251 2034 oscula
267 1967 394 2052 iamque
412 1991 525 2033 manus
543 1969 585 2032 ad
602 1967 742 2036 eburnea
759 1967 841 2034 colla
858 1966 990 2047 ferenti¹

142 2060 163 2090 “
171 2054 306 2119 desinis?
324 2064 380 2119 aut
396 2052 502 2137 fugio,
520 2053 712 2136 tecumque”
731 2052 776 2117 ait
792 2052 878 2118 “ista
895 2052 1083 2136 relinquo.'’'

145 2138 300 2205 Salmacis
319 2139 463 2205 extimuit
481 2138 664 2221 “loca”que
682 2137 786 2203 “haec
802 2137 861 2202 tibi
878 2137 978 2203 libera
995 2138 1096 2215 trado,

142 2224 282 2310 hospes''
300 2224 359 2302 ait,
376 2224 566 2307 simulatque
583 2224 686 2309 gradu
704 2223 865 2290 discedere
883 2244 985 2301 verso,

141 2322 210 2375 tum
227 2331 353 2395 quoque
369 2310 553 2397 respiciens,
571 2310 784 2394 fruticumque
801 2311 961 2375 recondita
978 2309 1059 2374 silva

142 2396 266 2461 delituit
282 2396 431 2479 flexuque
448 2418 534 2482 genu
552 2396 708 2461 submisit.
751 2406 784 2461 at
800 2397 864 2472 ille,

140 2492 179 2546 ut
194 2504 289 2567 puer,
306 2492 342 2546 ut
359 2482 468 2546 vacuis
485 2494 518 2547 et
535 2481 755 2546 inobservatus
772 2481 940 2558 inberbis,

141 2567 206 2632 huc
222 2567 248 2631 it
265 2578 296 2632 et
313 2566 387 2632 hinc
403 2566 493 2644 illuc,
512 2578 543 2632 et
560 2567 593 2631 in
610 2567 824 2631 alludentibus
843 2567 935 2631 undis

142 2676 267 2718 summa
283 2652 403 2737 pedum
420 2653 547 2735 taloque
565 2663 656 2716 tenus
675 2653 809 2738 vestigia
825 2651 951 2737 tinguit.

142 2761 202 2804 nec
219 2759 323 2813 mora,
341 2738 492 2823 temperie
511 2737 699 2801 blandarum
716 2748 828 2823 captus
845 2758 1001 2821 aquarum

141 2823 250 2889 mollia
266 2823 306 2888 de
324 2834 433 2889 tenero
450 2822 609 2888 velamina
625 2844 756 2908 corpore
773 2822 872 2908 ponit.

142 2920 211 2973 tum
229 2929 304 2974 vero
321 2909 444 2994 stupuit
459 2908 629 2992 nudaeque
647 2907 795 2994 cupidine
813 2907 935 2973 formae

143 2992 299 3060 Salmacis
316 2994 443 3060 exarsit.
486 2994 623 3080 flagrant
639 3014 766 3077 quoque
782 2992 903 3058 lumina
919 2994 1079 3081 nymphae

141 3101 207 3143 non
224 3079 324 3156 aliter,
342 3099 439 3161 quam
457 3101 530 3144 cum
547 3100 628 3164 puro
645 3078 851 3143 nitidissimus
870 3078 946 3144 orbe

142 3164 287 3265 opposita
304 3164 424 3248 speculi
440 3163 587 3230 referitur
603 3164 742 3249 imagine
759 3163 921 3229 Phoebus.

142 3270 261 3332 vrxque
278 3270 400 3313 moram
417 3249 546 3334 patitur,
564 3250 619 3314 vix
634 3250 699 3313 iam
717 3272 776 3314 sua
793 3249 912 3334 gaudia
930 3248 1046 3329 differt,

141 3335 205 3399 iam
224 3334 312 3420 cupit
329 3334 490 3419 amplecti,
507 3335 572 3399 iam
589 3357 624 3399 se
641 3334 724 3398 male
742 3334 880 3400 continet
898 3357 1016 3400 amens.

141 3419 210 3497 ille,
228 3419 315 3485 cavis
332 3419 427 3483 velox
444 3420 597 3505 applausu
615 3441 746 3505 corpore
762 3420 876 3505 palmis

143 3503 248 3572 desilit
264 3506 298 3569 in
314 3504 438 3581 latices,
456 3506 640 3588 alternaque
657 3503 806 3570 bracchia
823 3506 941 3570 ducens

141 3590 177 3692 ip
192 3590 322 3674 liquidis
339 3590 512 3655 translucet
529 3590 635 3691 aquis,
653 3589 847 3691 utqeburonea
863 3590 890 3655 si
908 3590 979 3674 quis

142 3675 866 3838 l‘ligihinihiitetdiridudedsii’l’lddiicaldiildtidalii,
885 3772 916 3826 et
934 3762 1020 3827 omni

143 3858 232 3911 veste
249 3847 361 3931 procul
376 3846 460 3911 iacta
476 3845 588 3910 mediis
605 3845 785 3912 immittitur
802 3846 895 3911 undis

143 3940 403 4019 pugnantemque
421 3941 507 3997 tenet
523 3929 738 4014 luctantiaque
756 3932 866 3996 oscula
883 3933 983 4018 carpit

143 4016 363 4104 subiectatque
380 4039 493 4085 manus
509 4014 670 4106 invitaque
686 4028 816 4105 pectora
833 4017 945 4107 tangit,
